<?xml version="1.0" encoding="UTF-8"?>
<OAI-PMH xmlns="http://www.openarchives.org/OAI/2.0/" xmlns:xsi="http://www.w3.org/2001/XMLSchema-instance" xsi:schemaLocation="http://www.openarchives.org/OAI/2.0/                                       http://www.openarchives.org/OAI/2.0/OAI-PMH.xsd                        http://www.extensiblecatalog.org/xsd/mst/1.0                                       http://www.extensiblecatalog.org/doc/MST/xsd/mst.xsd">
  <responseDate>2011-03-30T11:21:11Z</responseDate>
  <request verb="ListRecords" metadataPrefix="marc21">http://localhost:8080/MetadataServicesToolkit/st/marcnormalization/oaiRepository.action</request>
  <ListRecords>
    <record>
      <header>
        <identifier>oai:mst.rochester.edu:marcnormalization/60</identifier>
        <datestamp>2011-03-30T15:04:46Z</datestamp>
        <setSpec>MARCXMLbibliographic</setSpec>
        <setSpec>marcnormalization</setSpec>
      </header>
      <metadata>
        <marc:record xmlns:marc="http://www.loc.gov/MARC21/slim" xmlns:xsi="http://www.w3.org/2001/XMLSchema-instance" xsi:schemaLocation="http://www.loc.gov/MARC21/slim http://localhost:8080/OAIToolkit-0.6.10/schema/MARC21slim_custom.xsd">
          <marc:leader>00805cam a2200253   4500</marc:leader>
          <marc:controlfield tag="001">1178174</marc:controlfield>
          <marc:controlfield tag="008">810115s1956    ru a          000 1 rus d</marc:controlfield>
          <marc:datafield ind1=" " ind2=" " tag="035">
            <marc:subfield code="a">(OCoLC)7064165</marc:subfield>
          </marc:datafield>
          <marc:controlfield tag="003">CHANGE_ME</marc:controlfield>
          <marc:datafield ind1=" " ind2=" " tag="035">
            <marc:subfield code="9">01127517</marc:subfield>
          </marc:datafield>
          <marc:datafield ind1=" " ind2=" " tag="040">
            <marc:subfield code="a">FHM</marc:subfield>
            <marc:subfield code="c">FHM</marc:subfield>
            <marc:subfield code="d">OCL</marc:subfield>
            <marc:subfield code="d">RRR</marc:subfield>
          </marc:datafield>
          <marc:datafield ind1=" " ind2=" " tag="049">
            <marc:subfield code="a">RRRR</marc:subfield>
          </marc:datafield>
          <marc:datafield ind1=" " ind2=" " tag="090">
            <marc:subfield code="a">PG3476</marc:subfield>
            <marc:subfield code="b">.I26d 1956</marc:subfield>
          </marc:datafield>
          <marc:datafield ind1=" " ind2=" " tag="099">
            <marc:subfield code="a">PG3476 .I26d 1956</marc:subfield>
          </marc:datafield>
          <marc:datafield ind1="1" ind2=" " tag="100">
            <marc:subfield code="a">Ilʹf, Ilʹi︠a︡,</marc:subfield>
            <marc:subfield code="d">1897-1937.</marc:subfield>
            <marc:subfield code="4">aut</marc:subfield>
          </marc:datafield>
          <marc:datafield ind1="1" ind2="0" tag="245">
            <marc:subfield code="a">Dvenadt︠s︡atʹ stulʹev. Zolotoĭ telenok.</marc:subfield>
          </marc:datafield>
          <marc:datafield ind1=" " ind2=" " tag="260">
            <marc:subfield code="a">Moskva,</marc:subfield>
            <marc:subfield code="b">Gos. izd-vo khudozh. lit-ry,</marc:subfield>
            <marc:subfield code="c">1956.</marc:subfield>
          </marc:datafield>
          <marc:datafield ind1=" " ind2=" " tag="300">
            <marc:subfield code="a">654 p.</marc:subfield>
            <marc:subfield code="b">illus.</marc:subfield>
            <marc:subfield code="c">21 cm.</marc:subfield>
          </marc:datafield>
          <marc:datafield ind1=" " ind2=" " tag="500">
            <marc:subfield code="a">In Cyrillic characters.</marc:subfield>
          </marc:datafield>
          <marc:datafield ind1=" " ind2=" " tag="500">
            <marc:subfield code="a">At head of title: Ilʹi︠a︡ Ilʹf, Evgeniĭ Petrov.</marc:subfield>
          </marc:datafield>
          <marc:datafield ind1="1" ind2=" " tag="700">
            <marc:subfield code="a">Petrov, Evgeniĭ,</marc:subfield>
            <marc:subfield code="d">1903-1942,</marc:subfield>
            <marc:subfield code="e">joint author.</marc:subfield>
          </marc:datafield>
          <marc:datafield ind1="0" ind2=" " tag="740">
            <marc:subfield code="a">Zolotoĭ telenok.</marc:subfield>
          </marc:datafield>
          <marc:datafield ind1=" " ind2=" " tag="910">
            <marc:subfield code="a">950805</marc:subfield>
          </marc:datafield>
          <marc:datafield ind1=" " ind2=" " tag="911">
            <marc:subfield code="a">u</marc:subfield>
          </marc:datafield>
          <marc:datafield ind1=" " ind2=" " tag="966">
            <marc:subfield code="l">Stack</marc:subfield>
            <marc:subfield code="m">RMON</marc:subfield>
            <marc:subfield code="s">PG3476 .I26d 1956</marc:subfield>
            <marc:subfield code="b">39087003076066</marc:subfield>
          </marc:datafield>
          <marc:datafield tag="931" ind1=" " ind2=" ">
            <marc:subfield code="a">Text</marc:subfield>
            <marc:subfield code="5">CHANGE_ME</marc:subfield>
          </marc:datafield>
          <marc:datafield tag="932" ind1=" " ind2=" ">
            <marc:subfield code="a">Language material</marc:subfield>
            <marc:subfield code="5">CHANGE_ME</marc:subfield>
          </marc:datafield>
          <marc:datafield tag="933" ind1=" " ind2=" ">
            <marc:subfield code="a">Text</marc:subfield>
            <marc:subfield code="5">CHANGE_ME</marc:subfield>
          </marc:datafield>
          <marc:datafield tag="935" ind1=" " ind2=" ">
            <marc:subfield code="a">Monograph/Item</marc:subfield>
            <marc:subfield code="5">CHANGE_ME</marc:subfield>
          </marc:datafield>
          <marc:datafield tag="937" ind1=" " ind2=" ">
            <marc:subfield code="a">Fiction</marc:subfield>
            <marc:subfield code="5">CHANGE_ME</marc:subfield>
          </marc:datafield>
          <marc:datafield tag="941" ind1=" " ind2=" ">
            <marc:subfield code="a">rus</marc:subfield>
            <marc:subfield code="5">CHANGE_ME</marc:subfield>
          </marc:datafield>
          <marc:datafield tag="943" ind1=" " ind2=" ">
            <marc:subfield code="a">Russian</marc:subfield>
            <marc:subfield code="5">CHANGE_ME</marc:subfield>
          </marc:datafield>
          <marc:datafield tag="035" ind1=" " ind2=" ">
            <marc:subfield code="a">(CHANGE_ME)1178174</marc:subfield>
          </marc:datafield>
          <marc:datafield tag="240" ind1="0" ind2="0">
            <marc:subfield code="a">Dvenadt︠s︡atʹ stulʹev. Zolotoĭ telenok.</marc:subfield>
          </marc:datafield>
        </marc:record>
      </metadata>
    </record>