
    <record>
      <header>
        <identifier>oai:mst.rochester.edu:marcnormalization/61</identifier>
        <datestamp>2011-03-30T15:04:46Z</datestamp>
        <setSpec>MARCXMLbibliographic</setSpec>
        <setSpec>marcnormalization</setSpec>
      </header>
      <metadata>
        <marc:record xmlns:marc="http://www.loc.gov/MARC21/slim" xmlns:xsi="http://www.w3.org/2001/XMLSchema-instance" xsi:schemaLocation="http://www.loc.gov/MARC21/slim http://localhost:8080/OAIToolkit-0.6.10/schema/MARC21slim_custom.xsd">
          <marc:leader>02087cgm a2200661 a 4500</marc:leader>
          <marc:controlfield tag="001">1532339</marc:controlfield>
          <marc:controlfield tag="005">20110214141341.0</marc:controlfield>
          <marc:controlfield tag="006">cbl          c    </marc:controlfield>
          <marc:controlfield tag="003">CHANGE_ME</marc:controlfield>
          <marc:controlfield tag="006">i     f           </marc:controlfield>
          <marc:controlfield tag="007">cr    </marc:controlfield>
          <marc:controlfield tag="008">970220                                  </marc:controlfield>
          <marc:datafield ind1=" " ind2=" " tag="020">
            <marc:subfield code="a">0743250079</marc:subfield>
          </marc:datafield>
          <marc:datafield ind1=" " ind2=" " tag="035">
            <marc:subfield code="a">(OCoLC)99999999</marc:subfield>
          </marc:datafield>
          <marc:datafield ind1="0" ind2=" " tag="041">
            <marc:subfield code="a">TEST</marc:subfield>
          </marc:datafield>
          <marc:datafield ind1=" " ind2="4" tag="060">
            <marc:subfield code="a">MS60.P23</marc:subfield>
          </marc:datafield>
          <marc:datafield ind1="0" ind2="0" tag="082">
            <marc:subfield code="a">MS82</marc:subfield>
            <marc:subfield code="b">.P23</marc:subfield>
          </marc:datafield>
          <marc:datafield ind1="0" ind2=" " tag="086">
            <marc:subfield code="a">MS86.P23</marc:subfield>
          </marc:datafield>
          <marc:datafield ind1=" " ind2=" " tag="090">
            <marc:subfield code="a">SO90</marc:subfield>
            <marc:subfield code="b">.P2</marc:subfield>
          </marc:datafield>
          <marc:datafield ind1=" " ind2=" " tag="090">
            <marc:subfield code="a">MS90</marc:subfield>
            <marc:subfield code="b">.P2</marc:subfield>
          </marc:datafield>
          <marc:datafield ind1=" " ind2=" " tag="090">
            <marc:subfield code="a">DD90</marc:subfield>
            <marc:subfield code="b">.P2</marc:subfield>
          </marc:datafield>
          <marc:datafield ind1="1" ind2=" " tag="100">
            <marc:subfield code="a">Stowe, Melinda.</marc:subfield>
          </marc:datafield>
          <marc:datafield ind1="0" ind2="0" tag="245">
            <marc:subfield code="a">Le prélude. [videorecording]</marc:subfield>
            <marc:subfield code="h">[videorecording]</marc:subfield>
            <marc:subfield code="b">/ &gt; @ A B C D E F G H I P Q R S T U V W X Y¹¹²³⁴⁵₀₁₂₃₄</marc:subfield>
          </marc:datafield>
          <marc:datafield ind1="1" ind2="3" tag="246">
            <marc:subfield code="a">Are We Having Fun Yet?</marc:subfield>
          </marc:datafield>
          <marc:datafield ind1="0" ind2="1" tag="247">
            <marc:subfield code="a">Previous Title</marc:subfield>
          </marc:datafield>
          <marc:datafield ind1=" " ind2=" " tag="260">
            <marc:subfield code="a">Rochester</marc:subfield>
            <marc:subfield code="c">2000</marc:subfield>
          </marc:datafield>
          <marc:datafield ind1="1" ind2=" " tag="490">
            <marc:subfield code="a">Four ninety tag</marc:subfield>
            <marc:subfield code="v">no. 1, 2, 3, 4</marc:subfield>
          </marc:datafield>
          <marc:datafield ind1=" " ind2=" " tag="500">
            <marc:subfield code="a">⁰¹²³⁴₉₈₇₆</marc:subfield>
          </marc:datafield>
          <marc:datafield ind1="2" ind2="0" tag="610">
            <marc:subfield code="a">Endeavor Information</marc:subfield>
            <marc:subfield code="d">1994</marc:subfield>
            <marc:subfield code="m">Interpretive dance gg</marc:subfield>
          </marc:datafield>
          <marc:datafield ind1="2" ind2="0" tag="610">
            <marc:subfield code="a">Suszczynski, Jeff (AKA Bartman)</marc:subfield>
          </marc:datafield>
          <marc:datafield ind1="2" ind2="0" tag="610">
            <marc:subfield code="a">Heller, P.D. (Paul David)</marc:subfield>
          </marc:datafield>
          <marc:datafield ind1="0" ind2=" " tag="710">
            <marc:subfield code="a">Hoagland, Denise</marc:subfield>
          </marc:datafield>
          <marc:datafield ind1="0" ind2=" " tag="710">
            <marc:subfield code="a">O'Connor, Stephen T. 1961-</marc:subfield>
          </marc:datafield>
          <marc:datafield ind1="0" ind2=" " tag="710">
            <marc:subfield code="a">Marciano, Tony</marc:subfield>
          </marc:datafield>
          <marc:datafield ind1="0" ind2=" " tag="710">
            <marc:subfield code="a">Aragon, Catherine</marc:subfield>
          </marc:datafield>
          <marc:datafield ind1="0" ind2=" " tag="710">
            <marc:subfield code="a">Arbelo, Ralph</marc:subfield>
          </marc:datafield>
          <marc:datafield ind1="0" ind2="0" tag="780">
            <marc:subfield code="t">780 00 Continues Titles</marc:subfield>
            <marc:subfield code="x">0302-4377</marc:subfield>
          </marc:datafield>
          <marc:datafield ind1="0" ind2="1" tag="780">
            <marc:subfield code="t">780 01 continues in part</marc:subfield>
            <marc:subfield code="x">0302-4377</marc:subfield>
          </marc:datafield>
          <marc:datafield ind1="0" ind2="2" tag="780">
            <marc:subfield code="t">780 02 Supersedes</marc:subfield>
            <marc:subfield code="x">0302-4377</marc:subfield>
          </marc:datafield>
          <marc:datafield ind1="0" ind2="3" tag="780">
            <marc:subfield code="t">780 03 Supersedes in Part</marc:subfield>
            <marc:subfield code="x">0302-4377</marc:subfield>
          </marc:datafield>
          <marc:datafield ind1="0" ind2="4" tag="780">
            <marc:subfield code="t">780 04 Formed by the union of</marc:subfield>
            <marc:subfield code="x">0302-4377</marc:subfield>
          </marc:datafield>
          <marc:datafield ind1="0" ind2="5" tag="780">
            <marc:subfield code="t">780 05 Absorbed</marc:subfield>
            <marc:subfield code="x">0302-4377</marc:subfield>
          </marc:datafield>
          <marc:datafield ind1="0" ind2="6" tag="780">
            <marc:subfield code="t">780 06 Absorbed in Part</marc:subfield>
            <marc:subfield code="x">0302-4377</marc:subfield>
          </marc:datafield>
          <marc:datafield ind1="0" ind2="7" tag="780">
            <marc:subfield code="t">780 07 Separated from</marc:subfield>
            <marc:subfield code="x">0302-4377</marc:subfield>
          </marc:datafield>
          <marc:datafield ind1="0" ind2="0" tag="785">
            <marc:subfield code="t">785 00 Continued by</marc:subfield>
          </marc:datafield>
          <marc:datafield ind1="0" ind2="1" tag="785">
            <marc:subfield code="t">785 01 Continued in Part by</marc:subfield>
          </marc:datafield>
          <marc:datafield ind1="0" ind2="2" tag="785">
            <marc:subfield code="t">785 02 Superseded by</marc:subfield>
          </marc:datafield>
          <marc:datafield ind1="0" ind2="3" tag="785">
            <marc:subfield code="t">785 03 Superseded in Part by</marc:subfield>
          </marc:datafield>
          <marc:datafield ind1="0" ind2="4" tag="785">
            <marc:subfield code="t">785 04 Absorbed by</marc:subfield>
          </marc:datafield>
          <marc:datafield ind1="0" ind2="5" tag="785">
            <marc:subfield code="t">785 05 Absorbed in Part by</marc:subfield>
          </marc:datafield>
          <marc:datafield ind1="0" ind2="6" tag="785">
            <marc:subfield code="t">785 06 Split into</marc:subfield>
          </marc:datafield>
          <marc:datafield ind1="0" ind2="7" tag="785">
            <marc:subfield code="t">First Title</marc:subfield>
          </marc:datafield>
          <marc:datafield ind1="0" ind2="7" tag="785">
            <marc:subfield code="t">Third Title</marc:subfield>
          </marc:datafield>
          <marc:datafield ind1=" " ind2="0" tag="830">
            <marc:subfield code="a">Eight thirty</marc:subfield>
            <marc:subfield code="v">no. 1</marc:subfield>
          </marc:datafield>
          <marc:datafield ind1=" " ind2="0" tag="830">
            <marc:subfield code="a">Voyager 2000</marc:subfield>
            <marc:subfield code="v">no. 2</marc:subfield>
          </marc:datafield>
          <marc:datafield ind1=" " ind2="0" tag="852">
            <marc:subfield code="a">Random data for test</marc:subfield>
          </marc:datafield>
          <marc:datafield ind1=" " ind2="0" tag="866">
            <marc:subfield code="a">Random data for test</marc:subfield>
          </marc:datafield>
          <marc:datafield ind1=" " ind2="0" tag="867">
            <marc:subfield code="a">Random data for test</marc:subfield>
          </marc:datafield>
          <marc:datafield ind1=" " ind2="0" tag="868">
            <marc:subfield code="a">Random data for test</marc:subfield>
          </marc:datafield>
          <marc:datafield tag="931" ind1=" " ind2=" ">
            <marc:subfield code="a">Image</marc:subfield>
            <marc:subfield code="5">CHANGE_ME</marc:subfield>
          </marc:datafield>
          <marc:datafield tag="931" ind1=" " ind2=" ">
            <marc:subfield code="a">Sound</marc:subfield>
            <marc:subfield code="5">CHANGE_ME</marc:subfield>
          </marc:datafield>
          <marc:datafield tag="932" ind1=" " ind2=" ">
            <marc:subfield code="a">Projected medium</marc:subfield>
            <marc:subfield code="5">CHANGE_ME</marc:subfield>
          </marc:datafield>
          <marc:datafield tag="932" ind1=" " ind2=" ">
            <marc:subfield code="a">Nonmusical sound recording</marc:subfield>
            <marc:subfield code="5">CHANGE_ME</marc:subfield>
          </marc:datafield>
          <marc:datafield tag="935" ind1=" " ind2=" ">
            <marc:subfield code="a">Monograph/Item</marc:subfield>
            <marc:subfield code="5">CHANGE_ME</marc:subfield>
          </marc:datafield>
          <marc:datafield tag="933" ind1=" " ind2=" ">
            <marc:subfield code="a">Electronic resource</marc:subfield>
            <marc:subfield code="5">CHANGE_ME</marc:subfield>
          </marc:datafield>
          <marc:datafield tag="934" ind1=" " ind2=" ">
            <marc:subfield code="a">Remote</marc:subfield>
            <marc:subfield code="5">CHANGE_ME</marc:subfield>
          </marc:datafield>
          <marc:datafield tag="941" ind1=" " ind2=" ">
            <marc:subfield code="a">tes</marc:subfield>
            <marc:subfield code="5">CHANGE_ME</marc:subfield>
          </marc:datafield>
          <marc:datafield tag="947" ind1=" " ind2=" ">
            <marc:subfield code="a">0743250079</marc:subfield>
            <marc:subfield code="5">CHANGE_ME</marc:subfield>
          </marc:datafield>
          <marc:datafield tag="035" ind1=" " ind2=" ">
            <marc:subfield code="a">(CHANGE_ME)1532339</marc:subfield>
          </marc:datafield>
          <marc:datafield tag="240" ind1="0" ind2="0">
            <marc:subfield code="a">Le prélude. [videorecording]</marc:subfield>
          </marc:datafield>
        </marc:record>
      </metadata>
    </record>