
    <record>
      <header>
        <identifier>oai:mst.rochester.edu:marcnormalization/62</identifier>
        <datestamp>2011-03-30T15:04:46Z</datestamp>
        <setSpec>MARCXMLbibliographic</setSpec>
        <setSpec>marcnormalization</setSpec>
      </header>
      <metadata>
        <marc:record xmlns:marc="http://www.loc.gov/MARC21/slim" xmlns:xsi="http://www.w3.org/2001/XMLSchema-instance" xsi:schemaLocation="http://www.loc.gov/MARC21/slim http://localhost:8080/OAIToolkit-0.6.10/schema/MARC21slim_custom.xsd">
          <marc:leader>03236cas a2200541I  4500</marc:leader>
          <marc:controlfield tag="001">3619537</marc:controlfield>
          <marc:controlfield tag="005">20071025155352.0</marc:controlfield>
          <marc:controlfield tag="008">820521u1uuuuuuuxx uu p       0    0eng d</marc:controlfield>
          <marc:controlfield tag="003">CHANGE_ME</marc:controlfield>
          <marc:datafield ind1=" " ind2=" " tag="035">
            <marc:subfield code="a">(OCoLC)8448190</marc:subfield>
          </marc:datafield>
          <marc:datafield ind1=" " ind2=" " tag="035">
            <marc:subfield code="a">(OCoLC)8448190</marc:subfield>
            <marc:subfield code="z">(OCoLC)31736539</marc:subfield>
            <marc:subfield code="z">(OCoLC)46669186</marc:subfield>
            <marc:subfield code="z">(OCoLC)46669187</marc:subfield>
            <marc:subfield code="z">(OCoLC)46669189</marc:subfield>
            <marc:subfield code="z">(OCoLC)63090952</marc:subfield>
            <marc:subfield code="z">(OCoLC)80263650</marc:subfield>
            <marc:subfield code="z">(OCoLC)82625690</marc:subfield>
            <marc:subfield code="z">(OCoLC)83299851</marc:subfield>
            <marc:subfield code="z">(OCoLC)84275554</marc:subfield>
          </marc:datafield>
          <marc:datafield ind1=" " ind2=" " tag="037">
            <marc:subfield code="a">STANDARD OCLC TEST RECORD</marc:subfield>
            <marc:subfield code="b">OCL</marc:subfield>
          </marc:datafield>
          <marc:datafield ind1=" " ind2=" " tag="037">
            <marc:subfield code="a">DO NOT USE FOR CARD PRODUCTION</marc:subfield>
            <marc:subfield code="b">OCL</marc:subfield>
          </marc:datafield>
          <marc:datafield ind1=" " ind2=" " tag="037">
            <marc:subfield code="a">TEST no.4</marc:subfield>
            <marc:subfield code="b">OCL</marc:subfield>
          </marc:datafield>
          <marc:datafield ind1=" " ind2=" " tag="040">
            <marc:subfield code="a">OCL</marc:subfield>
            <marc:subfield code="c">OCL</marc:subfield>
            <marc:subfield code="d">OCL</marc:subfield>
            <marc:subfield code="d">OCLCQ</marc:subfield>
          </marc:datafield>
          <marc:datafield ind1=" " ind2=" " tag="049">
            <marc:subfield code="a">RRRR</marc:subfield>
          </marc:datafield>
          <marc:datafield ind1="0" ind2="0" tag="245">
            <marc:subfield code="a">CHARACTER SET TEST RECORD: DIACRITICS.</marc:subfield>
          </marc:datafield>
          <marc:datafield ind1="0" ind2="0" tag="246">
            <marc:subfield code="a">Printer test record</marc:subfield>
          </marc:datafield>
          <marc:datafield ind1=" " ind2=" " tag="500">
            <marc:subfield code="a">*******************************************************</marc:subfield>
          </marc:datafield>
          <marc:datafield ind1=" " ind2=" " tag="500">
            <marc:subfield code="a">Each field gives the diacrictic name, and displays the diacritic with the letter[s] it modifies.</marc:subfield>
          </marc:datafield>
          <marc:datafield ind1=" " ind2=" " tag="500">
            <marc:subfield code="a">acute                  á ć d́ é ǵ ń í ḱ ḿ ń ó ớ ṕ q́ ŕ ś t́ ú ứ v́ ẃ ý ź</marc:subfield>
          </marc:datafield>
          <marc:datafield ind1=" " ind2=" " tag="500">
            <marc:subfield code="a">breve                  ă c̆ ĕ ğ ĭ m̆ ŏ ơ̆ ŭ ư̆ y̆ z̆</marc:subfield>
          </marc:datafield>
          <marc:datafield ind1=" " ind2=" " tag="500">
            <marc:subfield code="a">candrabindu            a̐ h̐ i̐ m̐ n̐ o̐ u̐</marc:subfield>
          </marc:datafield>
          <marc:datafield ind1=" " ind2=" " tag="500">
            <marc:subfield code="a">cedilla                ç ȩ ḩ ļ ņ ş</marc:subfield>
          </marc:datafield>
          <marc:datafield ind1=" " ind2=" " tag="500">
            <marc:subfield code="a">circle above           å e̊ g̊ k̊ r̊ s̊ o̊ ẙ</marc:subfield>
          </marc:datafield>
          <marc:datafield ind1=" " ind2=" " tag="500">
            <marc:subfield code="a">circle below           l̥ m̥ n̥ r̥ s̥ t̥</marc:subfield>
          </marc:datafield>
          <marc:datafield ind1=" " ind2=" " tag="500">
            <marc:subfield code="a">circumflex             â ĉ ê ĝ ĥ î ĵ n̂ ô ơ̂ ŝ û ư̂ ŵ ŷ</marc:subfield>
          </marc:datafield>
          <marc:datafield ind1=" " ind2=" " tag="500">
            <marc:subfield code="a">dot below              ạ ḅ ḍ ẹ ḥ ị ḳ ḷ ṃ ṇ ọ ợ p̣ ṛ ṣ ṭ ụ ự ṿ ỵ ẓ</marc:subfield>
          </marc:datafield>
          <marc:datafield ind1=" " ind2=" " tag="500">
            <marc:subfield code="a">double acute           a̋ ő ű</marc:subfield>
          </marc:datafield>
          <marc:datafield ind1=" " ind2=" " tag="500">
            <marc:subfield code="a">double dot below       b̤ d̤ h̤ l̤ s̤ t̤</marc:subfield>
          </marc:datafield>
          <marc:datafield ind1=" " ind2=" " tag="500">
            <marc:subfield code="a">double tilde           n︢g︣</marc:subfield>
          </marc:datafield>
          <marc:datafield ind1=" " ind2=" " tag="500">
            <marc:subfield code="a">double underscore      g̳h̳</marc:subfield>
          </marc:datafield>
          <marc:datafield ind1=" " ind2=" " tag="500">
            <marc:subfield code="a">grave                  à è ì ǹ ò ờ s̀ ù ừ ỳ</marc:subfield>
          </marc:datafield>
          <marc:datafield ind1=" " ind2=" " tag="500">
            <marc:subfield code="a">haček                 ǎ č ď ě ǧ ǐ ǰ ľ ň ǒ ř š ť ǔ ž</marc:subfield>
          </marc:datafield>
          <marc:datafield ind1=" " ind2=" " tag="500">
            <marc:subfield code="a">high comma centered    g̓ w̓</marc:subfield>
          </marc:datafield>
          <marc:datafield ind1=" " ind2=" " tag="500">
            <marc:subfield code="a">high comma off-centered   d̕ g̕ k̕ l̕ t̕</marc:subfield>
          </marc:datafield>
          <marc:datafield ind1=" " ind2=" " tag="500">
            <marc:subfield code="a">inverted cedilla        o̜</marc:subfield>
          </marc:datafield>
          <marc:datafield ind1=" " ind2=" " tag="500">
            <marc:subfield code="a">left hook              a̦ c̦ d̦ e̦ G̦ i̦ k̦ l̦ n̦ r̦ ș ț</marc:subfield>
          </marc:datafield>
          <marc:datafield ind1=" " ind2=" " tag="500">
            <marc:subfield code="a">ligature   (left and right)            d︠z︡ g︠h︡ i︠a︡ i︠e︡ i︠g︡ i︠n︡ i︠o︡ i︠u︡ j︠n︡ k︠h︡ k︠s︡ n︠g︡ o︠t︡ p︠s︡ t︠h︡ t︠s︡ z︠h︡</marc:subfield>
          </marc:datafield>
          <marc:datafield ind1=" " ind2=" " tag="500">
            <marc:subfield code="a">macron                 ā ǣ c̄ d̄ ē ḡ ī j̄ k̄ m̄ n̄ ō ơ̄ œ̄ p̄ q̄ r̄ s̄ t̄ ū ư̄ ȳ z̄</marc:subfield>
          </marc:datafield>
          <marc:datafield ind1=" " ind2=" " tag="500">
            <marc:subfield code="a">pseudo question mark        ả ẻ ỉ ỏ ở ủ ử ỷ</marc:subfield>
          </marc:datafield>
          <marc:datafield ind1=" " ind2=" " tag="500">
            <marc:subfield code="a">right hook             ą ę h̨ į ǫ ǫ̛ s̨ t̨ ų</marc:subfield>
          </marc:datafield>
          <marc:datafield ind1=" " ind2=" " tag="500">
            <marc:subfield code="a">superior dot           ȧ ḃ ċ ḋ ė ḟ ġ ḣ i̇ İ k̇ l̇ ṁ ṅ ȯ ṗ ṙ ṡ ṫ u̇ ẇ ẏ ż</marc:subfield>
          </marc:datafield>
          <marc:datafield ind1=" " ind2=" " tag="500">
            <marc:subfield code="a">tilde                  ã c̃ ẽ ĩ ñ õ ỡ q̃ r̃ s̃ ũ ữ w̃ ỹ z̃</marc:subfield>
          </marc:datafield>
          <marc:datafield ind1=" " ind2=" " tag="500">
            <marc:subfield code="a">umlaut                 ä c̈ ë g̈ ï j̈ ö r̈ s̈ ü v̈ ÿ z̈</marc:subfield>
          </marc:datafield>
          <marc:datafield ind1=" " ind2=" " tag="500">
            <marc:subfield code="a">underscore             a̲ b̲ c̲ d̲ g̲ h̲ i̲ k̲ l̲ n̲ o̲ r̲ s̲ t̲ u̲ z̲</marc:subfield>
          </marc:datafield>
          <marc:datafield ind1=" " ind2=" " tag="500">
            <marc:subfield code="a">upadhmānīya          ḫ</marc:subfield>
          </marc:datafield>
          <marc:datafield ind1=" " ind2=" " tag="500">
            <marc:subfield code="a">Double Diacritics</marc:subfield>
          </marc:datafield>
          <marc:datafield ind1=" " ind2=" " tag="500">
            <marc:subfield code="a">ậ     r̥̄     ũ̄     á̆     ó̂     ố     à̂</marc:subfield>
          </marc:datafield>
          <marc:datafield tag="931" ind1=" " ind2=" ">
            <marc:subfield code="a">Text</marc:subfield>
            <marc:subfield code="5">CHANGE_ME</marc:subfield>
          </marc:datafield>
          <marc:datafield tag="932" ind1=" " ind2=" ">
            <marc:subfield code="a">Language material</marc:subfield>
            <marc:subfield code="5">CHANGE_ME</marc:subfield>
          </marc:datafield>
          <marc:datafield tag="933" ind1=" " ind2=" ">
            <marc:subfield code="a">Text</marc:subfield>
            <marc:subfield code="5">CHANGE_ME</marc:subfield>
          </marc:datafield>
          <marc:datafield tag="935" ind1=" " ind2=" ">
            <marc:subfield code="a">Serial</marc:subfield>
            <marc:subfield code="5">CHANGE_ME</marc:subfield>
          </marc:datafield>
          <marc:datafield tag="937" ind1=" " ind2=" ">
            <marc:subfield code="a">Non-Fiction</marc:subfield>
            <marc:subfield code="5">CHANGE_ME</marc:subfield>
          </marc:datafield>
          <marc:datafield tag="941" ind1=" " ind2=" ">
            <marc:subfield code="a">eng</marc:subfield>
            <marc:subfield code="5">CHANGE_ME</marc:subfield>
          </marc:datafield>
          <marc:datafield tag="943" ind1=" " ind2=" ">
            <marc:subfield code="a">English</marc:subfield>
            <marc:subfield code="5">CHANGE_ME</marc:subfield>
          </marc:datafield>
          <marc:datafield tag="035" ind1=" " ind2=" ">
            <marc:subfield code="a">(CHANGE_ME)3619537</marc:subfield>
          </marc:datafield>
          <marc:datafield tag="130" ind1="0" ind2=" ">
            <marc:subfield code="a">CHARACTER SET TEST RECORD: DIACRITICS.</marc:subfield>
          </marc:datafield>
        </marc:record>
      </metadata>
    </record>