
    <record>
      <header>
        <identifier>oai:mst.rochester.edu:marcnormalization/64</identifier>
        <datestamp>2011-03-30T15:04:46Z</datestamp>
        <setSpec>MARCXMLbibliographic</setSpec>
        <setSpec>marcnormalization</setSpec>
      </header>
      <metadata>
        <marc:record xmlns:marc="http://www.loc.gov/MARC21/slim" xmlns:xsi="http://www.w3.org/2001/XMLSchema-instance" xsi:schemaLocation="http://www.loc.gov/MARC21/slim http://localhost:8080/OAIToolkit-0.6.10/schema/MARC21slim_custom.xsd">
          <marc:leader>00836cam a2200253Ia 4500</marc:leader>
          <marc:controlfield tag="001">2692188</marc:controlfield>
          <marc:controlfield tag="005">20041122095155.0</marc:controlfield>
          <marc:controlfield tag="007">he bmb---baca</marc:controlfield>
          <marc:controlfield tag="003">CHANGE_ME</marc:controlfield>
          <marc:controlfield tag="008">930322s1870    mdu     b     000 0 eng d</marc:controlfield>
          <marc:datafield ind1=" " ind2=" " tag="035">
            <marc:subfield code="a">(OCoLC)27775498</marc:subfield>
          </marc:datafield>
          <marc:datafield ind1=" " ind2=" " tag="035">
            <marc:subfield code="a">2692188</marc:subfield>
          </marc:datafield>
          <marc:datafield ind1=" " ind2=" " tag="040">
            <marc:subfield code="a">EAY</marc:subfield>
            <marc:subfield code="c">EAY</marc:subfield>
            <marc:subfield code="d">OCL</marc:subfield>
          </marc:datafield>
          <marc:datafield ind1=" " ind2=" " tag="049">
            <marc:subfield code="a">RRRR</marc:subfield>
          </marc:datafield>
          <marc:datafield ind1=" " ind2=" " tag="090">
            <marc:subfield code="a">PS632</marc:subfield>
            <marc:subfield code="b">.N5 no.L99.5</marc:subfield>
          </marc:datafield>
          <marc:datafield ind1=" " ind2="9" tag="099">
            <marc:subfield code="a">FICHE PR1271 .E58</marc:subfield>
          </marc:datafield>
          <marc:datafield ind1="0" ind2="0" tag="245">
            <marc:subfield code="a">Lilia, or, The test</marc:subfield>
            <marc:subfield code="h">[microform] :</marc:subfield>
            <marc:subfield code="b">a drama in two acts /</marc:subfield>
            <marc:subfield code="c">translated from the French by a pupil of the Baltimore Academy of the Visitation.</marc:subfield>
          </marc:datafield>
          <marc:datafield ind1=" " ind2=" " tag="260">
            <marc:subfield code="a">Baltimore :</marc:subfield>
            <marc:subfield code="b">John Murphy,</marc:subfield>
            <marc:subfield code="c">1870.</marc:subfield>
          </marc:datafield>
          <marc:datafield ind1=" " ind2=" " tag="300">
            <marc:subfield code="a">43 p.</marc:subfield>
          </marc:datafield>
          <marc:datafield ind1=" " ind2=" " tag="533">
            <marc:subfield code="a">Microfiche.</marc:subfield>
            <marc:subfield code="b">[New Canaan, Conn.] :</marc:subfield>
            <marc:subfield code="c">Readex,</marc:subfield>
            <marc:subfield code="d">[198-].</marc:subfield>
            <marc:subfield code="e">1 microfiche : negative.</marc:subfield>
            <marc:subfield code="f">(Nineteenth century American drama).</marc:subfield>
          </marc:datafield>
          <marc:datafield ind1="0" ind2=" " tag="740">
            <marc:subfield code="a">Lilia.</marc:subfield>
          </marc:datafield>
          <marc:datafield ind1="0" ind2=" " tag="740">
            <marc:subfield code="a">Test.</marc:subfield>
          </marc:datafield>
          <marc:datafield ind1=" " ind2="0" tag="830">
            <marc:subfield code="a">Nineteenth century American drama.</marc:subfield>
          </marc:datafield>
          <marc:datafield ind1=" " ind2=" " tag="994">
            <marc:subfield code="a">92</marc:subfield>
            <marc:subfield code="b">RRR</marc:subfield>
          </marc:datafield>
          <marc:datafield tag="931" ind1=" " ind2=" ">
            <marc:subfield code="a">Text</marc:subfield>
            <marc:subfield code="5">CHANGE_ME</marc:subfield>
          </marc:datafield>
          <marc:datafield tag="932" ind1=" " ind2=" ">
            <marc:subfield code="a">Language material</marc:subfield>
            <marc:subfield code="5">CHANGE_ME</marc:subfield>
          </marc:datafield>
          <marc:datafield tag="933" ind1=" " ind2=" ">
            <marc:subfield code="a">Text</marc:subfield>
            <marc:subfield code="5">CHANGE_ME</marc:subfield>
          </marc:datafield>
          <marc:datafield tag="935" ind1=" " ind2=" ">
            <marc:subfield code="a">Monograph/Item</marc:subfield>
            <marc:subfield code="5">CHANGE_ME</marc:subfield>
          </marc:datafield>
          <marc:datafield tag="933" ind1=" " ind2=" ">
            <marc:subfield code="a">Microform</marc:subfield>
            <marc:subfield code="5">CHANGE_ME</marc:subfield>
          </marc:datafield>
          <marc:datafield tag="934" ind1=" " ind2=" ">
            <marc:subfield code="a">Microfiche</marc:subfield>
            <marc:subfield code="5">CHANGE_ME</marc:subfield>
          </marc:datafield>
          <marc:datafield tag="937" ind1=" " ind2=" ">
            <marc:subfield code="a">Non-Fiction</marc:subfield>
            <marc:subfield code="5">CHANGE_ME</marc:subfield>
          </marc:datafield>
          <marc:datafield tag="941" ind1=" " ind2=" ">
            <marc:subfield code="a">eng</marc:subfield>
            <marc:subfield code="5">CHANGE_ME</marc:subfield>
          </marc:datafield>
          <marc:datafield tag="943" ind1=" " ind2=" ">
            <marc:subfield code="a">English</marc:subfield>
            <marc:subfield code="5">CHANGE_ME</marc:subfield>
          </marc:datafield>
          <marc:datafield tag="035" ind1=" " ind2=" ">
            <marc:subfield code="a">(CHANGE_ME)2692188</marc:subfield>
          </marc:datafield>
          <marc:datafield tag="130" ind1="0" ind2=" ">
            <marc:subfield code="a">Lilia, or, The test</marc:subfield>
          </marc:datafield>
        </marc:record>
      </metadata>
    </record>