
    <record>
      <header>
        <identifier>oai:mst.rochester.edu:marcnormalization/66</identifier>
        <datestamp>2011-03-30T15:04:46Z</datestamp>
        <setSpec>MARCXMLbibliographic</setSpec>
        <setSpec>marcnormalization</setSpec>
      </header>
      <metadata>
        <marc:record xmlns:marc="http://www.loc.gov/MARC21/slim" xmlns:xsi="http://www.w3.org/2001/XMLSchema-instance" xsi:schemaLocation="http://www.loc.gov/MARC21/slim http://localhost:8080/OAIToolkit-0.6.10/schema/MARC21slim_custom.xsd">
          <marc:leader>01774cam a22004454a 4500</marc:leader>
          <marc:controlfield tag="001">4578755</marc:controlfield>
          <marc:controlfield tag="005">20101026090503.0</marc:controlfield>
          <marc:controlfield tag="008">090910s2009    is a     bc   000 0dheb c</marc:controlfield>
          <marc:controlfield tag="003">CHANGE_ME</marc:controlfield>
          <marc:datafield ind1=" " ind2=" " tag="020">
            <marc:subfield code="z">9789657161852</marc:subfield>
          </marc:datafield>
          <marc:datafield ind1=" " ind2=" " tag="035">
            <marc:subfield code="a">(OCoLC)436221906</marc:subfield>
          </marc:datafield>
          <marc:datafield ind1=" " ind2=" " tag="040">
            <marc:subfield code="a">STF</marc:subfield>
            <marc:subfield code="c">STF</marc:subfield>
            <marc:subfield code="d">STF</marc:subfield>
            <marc:subfield code="d">UKTTE</marc:subfield>
            <marc:subfield code="d">PAU</marc:subfield>
          </marc:datafield>
          <marc:datafield ind1="0" ind2=" " tag="041">
            <marc:subfield code="a">heb</marc:subfield>
            <marc:subfield code="b">eng</marc:subfield>
            <marc:subfield code="f">eng</marc:subfield>
          </marc:datafield>
          <marc:datafield ind1=" " ind2=" " tag="049">
            <marc:subfield code="a">RRRR</marc:subfield>
          </marc:datafield>
          <marc:datafield ind1=" " ind2="4" tag="050">
            <marc:subfield code="a">N7279.A65</marc:subfield>
            <marc:subfield code="b">A4 2009</marc:subfield>
          </marc:datafield>
          <marc:datafield ind1=" " ind2=" " tag="066">
            <marc:subfield code="c">(2</marc:subfield>
          </marc:datafield>
          <marc:datafield ind1="0" ind2=" " tag="100">
            <marc:subfield code="6">880-01</marc:subfield>
            <marc:subfield code="a">Alima.</marc:subfield>
            <marc:subfield code="4">aut</marc:subfield>
          </marc:datafield>
          <marc:datafield ind1="1" ind2="0" tag="245">
            <marc:subfield code="6">880-02</marc:subfield>
            <marc:subfield code="a">ʾAlimah :</marc:subfield>
            <marc:subfield code="b">ben misgeret le-ḥalon /</marc:subfield>
            <marc:subfield code="c">[otser, Yani Shapira].</marc:subfield>
          </marc:datafield>
          <marc:datafield ind1="1" ind2="5" tag="246">
            <marc:subfield code="a">Alima :</marc:subfield>
            <marc:subfield code="b">between frame and window</marc:subfield>
          </marc:datafield>
          <marc:datafield ind1="3" ind2=" " tag="246">
            <marc:subfield code="a">Between frame and window</marc:subfield>
          </marc:datafield>
          <marc:datafield ind1="3" ind2="0" tag="246">
            <marc:subfield code="6">880-03</marc:subfield>
            <marc:subfield code="a">Ben misgeret le-ḥalon</marc:subfield>
          </marc:datafield>
          <marc:datafield ind1=" " ind2=" " tag="260">
            <marc:subfield code="6">880-04</marc:subfield>
            <marc:subfield code="a">Tel Aviv :</marc:subfield>
            <marc:subfield code="b">Muzeʾon Tel Aviv le-omanut,</marc:subfield>
            <marc:subfield code="c">c2009.</marc:subfield>
          </marc:datafield>
          <marc:datafield ind1=" " ind2=" " tag="300">
            <marc:subfield code="a">230 p. :</marc:subfield>
            <marc:subfield code="b">ill. (some col.) ;</marc:subfield>
            <marc:subfield code="c">24cm.</marc:subfield>
          </marc:datafield>
          <marc:datafield ind1="1" ind2=" " tag="490">
            <marc:subfield code="6">880-05</marc:subfield>
            <marc:subfield code="a">Ḳaṭ ;</marc:subfield>
            <marc:subfield code="v">2/2009</marc:subfield>
          </marc:datafield>
          <marc:datafield ind1=" " ind2=" " tag="500">
            <marc:subfield code="a">Catalog of an exhibition that took place March 5-May 30, 2009 at the Tel Aviv Museum of Art.</marc:subfield>
          </marc:datafield>
          <marc:datafield ind1=" " ind2=" " tag="504">
            <marc:subfield code="a">Includes bibliographical references.</marc:subfield>
          </marc:datafield>
          <marc:datafield ind1=" " ind2=" " tag="546">
            <marc:subfield code="a">Hebrew and English.</marc:subfield>
          </marc:datafield>
          <marc:datafield ind1="0" ind2="0" tag="600">
            <marc:subfield code="a">Alima</marc:subfield>
            <marc:subfield code="v">Exhibitions.</marc:subfield>
          </marc:datafield>
          <marc:datafield ind1="0" ind2="4" tag="600">
            <marc:subfield code="a">Alima.</marc:subfield>
          </marc:datafield>
          <marc:datafield ind1="1" ind2=" " tag="700">
            <marc:subfield code="6">880-06</marc:subfield>
            <marc:subfield code="a">Shapira, Yaniv.</marc:subfield>
          </marc:datafield>
          <marc:datafield ind1="2" ind2=" " tag="710">
            <marc:subfield code="6">880-07</marc:subfield>
            <marc:subfield code="a">Muzeʾon Tel Aviv le-omanut.</marc:subfield>
          </marc:datafield>
          <marc:datafield ind1=" " ind2="0" tag="830">
            <marc:subfield code="6">880-08</marc:subfield>
            <marc:subfield code="a">Ḳaṭ (Muzeon Tel Aviv le-omanut) ;</marc:subfield>
            <marc:subfield code="v">09/2.</marc:subfield>
          </marc:datafield>
          <marc:datafield ind1="0" ind2=" " tag="880">
            <marc:subfield code="6">100-01/(2/r</marc:subfield>
            <marc:subfield code="a">אלימה.</marc:subfield>
            <marc:subfield code="4">aut</marc:subfield>
          </marc:datafield>
          <marc:datafield ind1="1" ind2="0" tag="880">
            <marc:subfield code="6">245-02/(2/r</marc:subfield>
            <marc:subfield code="a">אלימה :</marc:subfield>
            <marc:subfield code="b">בין מסגרת לחלון /</marc:subfield>
            <marc:subfield code="c">[אוצר, יניב שפירא].</marc:subfield>
          </marc:datafield>
          <marc:datafield ind1="3" ind2="0" tag="880">
            <marc:subfield code="6">246-03/(2/r</marc:subfield>
            <marc:subfield code="a">בין מסגרת לחלון</marc:subfield>
          </marc:datafield>
          <marc:datafield ind1=" " ind2=" " tag="880">
            <marc:subfield code="6">260-04/(2/r</marc:subfield>
            <marc:subfield code="a">תל אביב :</marc:subfield>
            <marc:subfield code="b">מוזיאון תל אביב לאמנות,</marc:subfield>
            <marc:subfield code="c">‪c2009‬.</marc:subfield>
          </marc:datafield>
          <marc:datafield ind1="0" ind2=" " tag="880">
            <marc:subfield code="6">490-05/(2/r</marc:subfield>
            <marc:subfield code="a">קט׳ ;</marc:subfield>
            <marc:subfield code="v">2/2009</marc:subfield>
          </marc:datafield>
          <marc:datafield ind1="1" ind2=" " tag="880">
            <marc:subfield code="6">700-06/(2/r</marc:subfield>
            <marc:subfield code="a">שפירא, יניב.</marc:subfield>
          </marc:datafield>
          <marc:datafield ind1="2" ind2=" " tag="880">
            <marc:subfield code="6">710-07/(2/r</marc:subfield>
            <marc:subfield code="a">מוזיאון תל אביב לאמנות.</marc:subfield>
          </marc:datafield>
          <marc:datafield ind1=" " ind2="0" tag="880">
            <marc:subfield code="6">830-08/(2/r</marc:subfield>
            <marc:subfield code="a">קט' (מוזיאון תל אביב לאמנות) ;</marc:subfield>
            <marc:subfield code="v">09\2.</marc:subfield>
          </marc:datafield>
          <marc:datafield ind1=" " ind2=" " tag="994">
            <marc:subfield code="a">C0</marc:subfield>
            <marc:subfield code="b">RRR</marc:subfield>
          </marc:datafield>
          <marc:datafield tag="931" ind1=" " ind2=" ">
            <marc:subfield code="a">Text</marc:subfield>
            <marc:subfield code="5">CHANGE_ME</marc:subfield>
          </marc:datafield>
          <marc:datafield tag="932" ind1=" " ind2=" ">
            <marc:subfield code="a">Language material</marc:subfield>
            <marc:subfield code="5">CHANGE_ME</marc:subfield>
          </marc:datafield>
          <marc:datafield tag="933" ind1=" " ind2=" ">
            <marc:subfield code="a">Text</marc:subfield>
            <marc:subfield code="5">CHANGE_ME</marc:subfield>
          </marc:datafield>
          <marc:datafield tag="935" ind1=" " ind2=" ">
            <marc:subfield code="a">Monograph/Item</marc:subfield>
            <marc:subfield code="5">CHANGE_ME</marc:subfield>
          </marc:datafield>
          <marc:datafield tag="937" ind1=" " ind2=" ">
            <marc:subfield code="a">Non-Fiction</marc:subfield>
            <marc:subfield code="5">CHANGE_ME</marc:subfield>
          </marc:datafield>
          <marc:datafield tag="941" ind1=" " ind2=" ">
            <marc:subfield code="a">heb</marc:subfield>
            <marc:subfield code="5">CHANGE_ME</marc:subfield>
          </marc:datafield>
          <marc:datafield tag="943" ind1=" " ind2=" ">
            <marc:subfield code="a">Hebrew</marc:subfield>
            <marc:subfield code="5">CHANGE_ME</marc:subfield>
          </marc:datafield>
          <marc:datafield tag="035" ind1=" " ind2=" ">
            <marc:subfield code="a">(CHANGE_ME)4578755</marc:subfield>
          </marc:datafield>
          <marc:datafield tag="240" ind1="0" ind2="0">
            <marc:subfield code="a">ʾAlimah :</marc:subfield>
          </marc:datafield>
          <marc:datafield tag="965" ind1="0" ind2="0">
            <marc:subfield code="a">Alima</marc:subfield>
            <marc:subfield code="5">CHANGE_ME</marc:subfield>
          </marc:datafield>
          <marc:datafield tag="969" ind1="0" ind2="0">
            <marc:subfield code="v">Exhibitions.</marc:subfield>
            <marc:subfield code="5">CHANGE_ME</marc:subfield>
          </marc:datafield>
        </marc:record>
      </metadata>
    </record>