
    <record>
      <header>
        <identifier>oai:mst.rochester.edu:marcnormalization/69</identifier>
        <datestamp>2011-03-30T15:04:46Z</datestamp>
        <setSpec>MARCXMLbibliographic</setSpec>
        <setSpec>marcnormalization</setSpec>
      </header>
      <metadata>
        <marc:record xmlns:marc="http://www.loc.gov/MARC21/slim" xmlns:xsi="http://www.w3.org/2001/XMLSchema-instance" xsi:schemaLocation="http://www.loc.gov/MARC21/slim http://localhost:8080/OAIToolkit-0.6.10/schema/MARC21slim_custom.xsd">
          <marc:leader>02002cam a2200409Ia 4500</marc:leader>
          <marc:controlfield tag="001">4616573</marc:controlfield>
          <marc:controlfield tag="005">20110318120335.0</marc:controlfield>
          <marc:controlfield tag="008">080306s2008    ru            000 0 rusod</marc:controlfield>
          <marc:controlfield tag="003">CHANGE_ME</marc:controlfield>
          <marc:datafield ind1=" " ind2=" " tag="020">
            <marc:subfield code="a">9785699228591</marc:subfield>
          </marc:datafield>
          <marc:datafield ind1=" " ind2=" " tag="020">
            <marc:subfield code="a">5699228594</marc:subfield>
          </marc:datafield>
          <marc:datafield ind1=" " ind2=" " tag="035">
            <marc:subfield code="a">(OCoLC)212913174</marc:subfield>
          </marc:datafield>
          <marc:datafield ind1=" " ind2=" " tag="040">
            <marc:subfield code="a">BKL</marc:subfield>
            <marc:subfield code="c">BKL</marc:subfield>
          </marc:datafield>
          <marc:datafield ind1=" " ind2=" " tag="049">
            <marc:subfield code="a">RRRR</marc:subfield>
          </marc:datafield>
          <marc:datafield ind1="1" ind2=" " tag="100">
            <marc:subfield code="6">880-01</marc:subfield>
            <marc:subfield code="a">Vaginov, K.</marc:subfield>
            <marc:subfield code="4">aut</marc:subfield>
          </marc:datafield>
          <marc:datafield ind1="1" ind2="0" tag="245">
            <marc:subfield code="6">880-02</marc:subfield>
            <marc:subfield code="a">Kozlinai︠a︡ pesnʹ :</marc:subfield>
            <marc:subfield code="b">romany, stikhotvorenii︠a︡ i poėmy /</marc:subfield>
            <marc:subfield code="c">Konstantin Vaginov ; [podgotovka poėticheskikh tekstov A, Gerasimovoĭ].</marc:subfield>
          </marc:datafield>
          <marc:datafield ind1=" " ind2=" " tag="260">
            <marc:subfield code="6">880-03</marc:subfield>
            <marc:subfield code="a">Moskva :</marc:subfield>
            <marc:subfield code="b">Ėksmo,</marc:subfield>
            <marc:subfield code="c">2008.</marc:subfield>
          </marc:datafield>
          <marc:datafield ind1=" " ind2=" " tag="300">
            <marc:subfield code="a">601 p. ;</marc:subfield>
            <marc:subfield code="c">21 cm.</marc:subfield>
          </marc:datafield>
          <marc:datafield ind1="1" ind2=" " tag="490">
            <marc:subfield code="6">880-04</marc:subfield>
            <marc:subfield code="a">Russkai︠a︡ klassika XX veka</marc:subfield>
          </marc:datafield>
          <marc:datafield ind1="2" ind2=" " tag="505">
            <marc:subfield code="6">880-05</marc:subfield>
            <marc:subfield code="a">Kozlinai︠a︡ pesnʹ -- Trudy i dni Svistonova -- Bambochada -- Garpagoniana -- Stikhotvorenii︠a︡ i poėmy.</marc:subfield>
          </marc:datafield>
          <marc:datafield ind1="1" ind2=" " tag="700">
            <marc:subfield code="6">880-06</marc:subfield>
            <marc:subfield code="a">Gerasimova, A,</marc:subfield>
          </marc:datafield>
          <marc:datafield ind1="0" ind2="2" tag="740">
            <marc:subfield code="6">880-07</marc:subfield>
            <marc:subfield code="a">Trudy i dni Svistonova.</marc:subfield>
          </marc:datafield>
          <marc:datafield ind1="0" ind2="2" tag="740">
            <marc:subfield code="6">880-08</marc:subfield>
            <marc:subfield code="a">Bambochada.</marc:subfield>
          </marc:datafield>
          <marc:datafield ind1="0" ind2="2" tag="740">
            <marc:subfield code="6">880-09</marc:subfield>
            <marc:subfield code="a">Garpagoniana.</marc:subfield>
          </marc:datafield>
          <marc:datafield ind1="0" ind2="2" tag="740">
            <marc:subfield code="6">880-10</marc:subfield>
            <marc:subfield code="a">Stikhotvorenii︠a︡ i poėmy.</marc:subfield>
          </marc:datafield>
          <marc:datafield ind1=" " ind2="0" tag="830">
            <marc:subfield code="6">880-11</marc:subfield>
            <marc:subfield code="a">Russkai︠a︡ klassika XX veka.</marc:subfield>
          </marc:datafield>
          <marc:datafield ind1="1" ind2=" " tag="880">
            <marc:subfield code="6">100-01</marc:subfield>
            <marc:subfield code="a">Вагинов, К.</marc:subfield>
            <marc:subfield code="4">aut</marc:subfield>
          </marc:datafield>
          <marc:datafield ind1="1" ind2="0" tag="880">
            <marc:subfield code="6">245-02</marc:subfield>
            <marc:subfield code="a">Козлиная песнь :</marc:subfield>
            <marc:subfield code="b">романы, стихотворения и поэмы /</marc:subfield>
            <marc:subfield code="c">Константин Вагинов ; [подготовка поэтических текстов А, Герасимовой].</marc:subfield>
          </marc:datafield>
          <marc:datafield ind1=" " ind2=" " tag="880">
            <marc:subfield code="6">260-03</marc:subfield>
            <marc:subfield code="a">Москва :</marc:subfield>
            <marc:subfield code="b">Эксмо,</marc:subfield>
            <marc:subfield code="c">2008.</marc:subfield>
          </marc:datafield>
          <marc:datafield ind1="1" ind2=" " tag="880">
            <marc:subfield code="6">490-04</marc:subfield>
            <marc:subfield code="a">Русская классика ХХ века</marc:subfield>
          </marc:datafield>
          <marc:datafield ind1="2" ind2=" " tag="880">
            <marc:subfield code="6">505-05</marc:subfield>
            <marc:subfield code="a">Козлиная песнь -- Труды и дни Свистонова -- Бамбочада -- Гарпагониана -- Стихотворения и поэмы.</marc:subfield>
          </marc:datafield>
          <marc:datafield ind1="1" ind2=" " tag="880">
            <marc:subfield code="6">700-06</marc:subfield>
            <marc:subfield code="a">Герасимова, А.</marc:subfield>
          </marc:datafield>
          <marc:datafield ind1="0" ind2="2" tag="880">
            <marc:subfield code="6">740-07</marc:subfield>
            <marc:subfield code="a">Труды и дни Свистонова.</marc:subfield>
          </marc:datafield>
          <marc:datafield ind1="0" ind2="2" tag="880">
            <marc:subfield code="6">740-08</marc:subfield>
            <marc:subfield code="a">Бамбочада.</marc:subfield>
          </marc:datafield>
          <marc:datafield ind1="0" ind2="2" tag="880">
            <marc:subfield code="6">740-09</marc:subfield>
            <marc:subfield code="a">Гарпагониана.</marc:subfield>
          </marc:datafield>
          <marc:datafield ind1="0" ind2="2" tag="880">
            <marc:subfield code="6">740-10</marc:subfield>
            <marc:subfield code="a">Стихотворения и поэмы.</marc:subfield>
          </marc:datafield>
          <marc:datafield ind1=" " ind2="0" tag="880">
            <marc:subfield code="6">830-11</marc:subfield>
            <marc:subfield code="a">Русская классика ХХ века.</marc:subfield>
          </marc:datafield>
          <marc:datafield ind1=" " ind2=" " tag="994">
            <marc:subfield code="a">C0</marc:subfield>
            <marc:subfield code="b">RRR</marc:subfield>
          </marc:datafield>
          <marc:datafield tag="931" ind1=" " ind2=" ">
            <marc:subfield code="a">Text</marc:subfield>
            <marc:subfield code="5">CHANGE_ME</marc:subfield>
          </marc:datafield>
          <marc:datafield tag="932" ind1=" " ind2=" ">
            <marc:subfield code="a">Language material</marc:subfield>
            <marc:subfield code="5">CHANGE_ME</marc:subfield>
          </marc:datafield>
          <marc:datafield tag="933" ind1=" " ind2=" ">
            <marc:subfield code="a">Text</marc:subfield>
            <marc:subfield code="5">CHANGE_ME</marc:subfield>
          </marc:datafield>
          <marc:datafield tag="935" ind1=" " ind2=" ">
            <marc:subfield code="a">Monograph/Item</marc:subfield>
            <marc:subfield code="5">CHANGE_ME</marc:subfield>
          </marc:datafield>
          <marc:datafield tag="937" ind1=" " ind2=" ">
            <marc:subfield code="a">Non-Fiction</marc:subfield>
            <marc:subfield code="5">CHANGE_ME</marc:subfield>
          </marc:datafield>
          <marc:datafield tag="941" ind1=" " ind2=" ">
            <marc:subfield code="a">rus</marc:subfield>
            <marc:subfield code="5">CHANGE_ME</marc:subfield>
          </marc:datafield>
          <marc:datafield tag="943" ind1=" " ind2=" ">
            <marc:subfield code="a">Russian</marc:subfield>
            <marc:subfield code="5">CHANGE_ME</marc:subfield>
          </marc:datafield>
          <marc:datafield tag="947" ind1=" " ind2=" ">
            <marc:subfield code="a">9785699228591</marc:subfield>
            <marc:subfield code="5">CHANGE_ME</marc:subfield>
          </marc:datafield>
          <marc:datafield tag="947" ind1=" " ind2=" ">
            <marc:subfield code="a">5699228594</marc:subfield>
            <marc:subfield code="5">CHANGE_ME</marc:subfield>
          </marc:datafield>
          <marc:datafield tag="035" ind1=" " ind2=" ">
            <marc:subfield code="a">(CHANGE_ME)4616573</marc:subfield>
          </marc:datafield>
          <marc:datafield tag="240" ind1="0" ind2="0">
            <marc:subfield code="a">Kozlinai︠a︡ pesnʹ :</marc:subfield>
          </marc:datafield>
        </marc:record>
      </metadata>
    </record>