
    <record>
      <header>
        <identifier>oai:mst.rochester.edu:marcnormalization/75</identifier>
        <datestamp>2011-03-30T15:04:46Z</datestamp>
        <setSpec>MARCXMLbibliographic</setSpec>
        <setSpec>marcnormalization</setSpec>
      </header>
      <metadata>
        <marc:record xmlns:marc="http://www.loc.gov/MARC21/slim" xmlns:xsi="http://www.w3.org/2001/XMLSchema-instance" xsi:schemaLocation="http://www.loc.gov/MARC21/slim http://localhost:8080/OAIToolkit-0.6.10/schema/MARC21slim_custom.xsd">
          <marc:leader>02174cam a22004094a 4500</marc:leader>
          <marc:controlfield tag="001">4354724</marc:controlfield>
          <marc:controlfield tag="005">20100406161233.0</marc:controlfield>
          <marc:controlfield tag="007">vd cvaiz|</marc:controlfield>
          <marc:controlfield tag="003">CHANGE_ME</marc:controlfield>
          <marc:controlfield tag="008">060612s2006    ctua          000 0 ara  </marc:controlfield>
          <marc:datafield ind1=" " ind2=" " tag="010">
            <marc:subfield code="a">  2006929054</marc:subfield>
          </marc:datafield>
          <marc:datafield ind1=" " ind2=" " tag="015">
            <marc:subfield code="a">GBA662127</marc:subfield>
            <marc:subfield code="2">bnb</marc:subfield>
          </marc:datafield>
          <marc:datafield ind1="7" ind2=" " tag="016">
            <marc:subfield code="a">013511569</marc:subfield>
            <marc:subfield code="2">Uk</marc:subfield>
          </marc:datafield>
          <marc:datafield ind1=" " ind2=" " tag="020">
            <marc:subfield code="a">9780300109481 (paper : alk. paper)</marc:subfield>
          </marc:datafield>
          <marc:datafield ind1=" " ind2=" " tag="020">
            <marc:subfield code="a">0300109482 (paper : alk. paper)</marc:subfield>
          </marc:datafield>
          <marc:datafield ind1="1" ind2=" " tag="029">
            <marc:subfield code="a">YDXCP</marc:subfield>
            <marc:subfield code="b">2424399</marc:subfield>
          </marc:datafield>
          <marc:datafield ind1="1" ind2=" " tag="029">
            <marc:subfield code="a">AU@</marc:subfield>
            <marc:subfield code="b">000041543109</marc:subfield>
          </marc:datafield>
          <marc:datafield ind1=" " ind2=" " tag="035">
            <marc:subfield code="a">(OCoLC)70671565</marc:subfield>
          </marc:datafield>
          <marc:datafield ind1=" " ind2=" " tag="040">
            <marc:subfield code="a">DLC</marc:subfield>
            <marc:subfield code="c">DLC</marc:subfield>
            <marc:subfield code="d">UKM</marc:subfield>
            <marc:subfield code="d">BAKER</marc:subfield>
            <marc:subfield code="d">YDXCP</marc:subfield>
            <marc:subfield code="d">OSU</marc:subfield>
            <marc:subfield code="d">BTCTA</marc:subfield>
            <marc:subfield code="d">VP@</marc:subfield>
            <marc:subfield code="d">OrLoB-B</marc:subfield>
          </marc:datafield>
          <marc:datafield ind1="0" ind2=" " tag="041">
            <marc:subfield code="a">eng</marc:subfield>
            <marc:subfield code="a">ara</marc:subfield>
          </marc:datafield>
          <marc:datafield ind1=" " ind2=" " tag="049">
            <marc:subfield code="a">RRRR</marc:subfield>
          </marc:datafield>
          <marc:datafield ind1="0" ind2="0" tag="050">
            <marc:subfield code="a">PJ6307</marc:subfield>
            <marc:subfield code="b">.A35 2007</marc:subfield>
          </marc:datafield>
          <marc:datafield ind1="0" ind2="4" tag="082">
            <marc:subfield code="a">492.783421</marc:subfield>
            <marc:subfield code="2">22</marc:subfield>
          </marc:datafield>
          <marc:datafield ind1="1" ind2=" " tag="100">
            <marc:subfield code="a">Abed, Shukri.</marc:subfield>
            <marc:subfield code="4">aut</marc:subfield>
          </marc:datafield>
          <marc:datafield ind1="1" ind2="0" tag="245">
            <marc:subfield code="a">Aḍwāʼ ʻalá al-ʻArabīyah al-ʻaṣrīyah = Focus on contemporary Arabic /</marc:subfield>
            <marc:subfield code="c">Shukri B. Abed.</marc:subfield>
          </marc:datafield>
          <marc:datafield ind1="3" ind2="1" tag="246">
            <marc:subfield code="a">Focus on contemporary Arabic</marc:subfield>
          </marc:datafield>
          <marc:datafield ind1=" " ind2=" " tag="260">
            <marc:subfield code="a">New Haven, CT :</marc:subfield>
            <marc:subfield code="b">Yale University Press,</marc:subfield>
            <marc:subfield code="c">2007.</marc:subfield>
          </marc:datafield>
          <marc:datafield ind1=" " ind2=" " tag="300">
            <marc:subfield code="a">xxx, 271 p. :</marc:subfield>
            <marc:subfield code="b">ill. ;</marc:subfield>
            <marc:subfield code="c">24 cm.</marc:subfield>
            <marc:subfield code="e">1 videodisc (DVD, sd., col. ; 4 3/4 in.)</marc:subfield>
          </marc:datafield>
          <marc:datafield ind1="1" ind2=" " tag="490">
            <marc:subfield code="a">Conversations with native speakers ;</marc:subfield>
            <marc:subfield code="v">5</marc:subfield>
          </marc:datafield>
          <marc:datafield ind1="0" ind2="0" tag="505">
            <marc:subfield code="g">Ch. 1.</marc:subfield>
            <marc:subfield code="t">Autobiography --</marc:subfield>
            <marc:subfield code="g">Ch. 2.</marc:subfield>
            <marc:subfield code="t">My family --</marc:subfield>
            <marc:subfield code="g">Ch. 3.</marc:subfield>
            <marc:subfield code="t">The Arab family --</marc:subfield>
            <marc:subfield code="g">Ch. 4.</marc:subfield>
            <marc:subfield code="t">The Arab woman --</marc:subfield>
            <marc:subfield code="g">Ch. 5.</marc:subfield>
            <marc:subfield code="t">Arab food --</marc:subfield>
            <marc:subfield code="g">Ch. 6.</marc:subfield>
            <marc:subfield code="t">Education in the Arab world --</marc:subfield>
            <marc:subfield code="g">Ch. 7.</marc:subfield>
            <marc:subfield code="t">Illiteracy in the Arab world --</marc:subfield>
            <marc:subfield code="g">Ch. 8.</marc:subfield>
            <marc:subfield code="t">Religion and society --</marc:subfield>
            <marc:subfield code="g">Ch. 9.</marc:subfield>
            <marc:subfield code="t">The hijab in Islam --</marc:subfield>
            <marc:subfield code="g">Ch. 10.</marc:subfield>
            <marc:subfield code="t">The Arabic language and its dialects --</marc:subfield>
            <marc:subfield code="g">Ch. 11.</marc:subfield>
            <marc:subfield code="t">Customs and traditions in the Arab world --</marc:subfield>
            <marc:subfield code="g">Ch. 12.</marc:subfield>
            <marc:subfield code="t">Bedouins --</marc:subfield>
            <marc:subfield code="g">Ch. 13.</marc:subfield>
            <marc:subfield code="t">Arab cultural identity --</marc:subfield>
            <marc:subfield code="g">Ch. 14.</marc:subfield>
            <marc:subfield code="t">What is art? --</marc:subfield>
            <marc:subfield code="g">Ch. 15.</marc:subfield>
            <marc:subfield code="t">Theater and other arts in the Arab world --</marc:subfield>
            <marc:subfield code="g">Ch. 16.</marc:subfield>
            <marc:subfield code="t">The Arab media --</marc:subfield>
            <marc:subfield code="g">Ch. 17.</marc:subfield>
            <marc:subfield code="t">The question of Palestine --</marc:subfield>
            <marc:subfield code="g">Ch. 18.</marc:subfield>
            <marc:subfield code="t">My life in America --</marc:subfield>
            <marc:subfield code="g">Ch. 19.</marc:subfield>
            <marc:subfield code="t">Arab-American relations --</marc:subfield>
            <marc:subfield code="g">Ch. 20.</marc:subfield>
            <marc:subfield code="t">Globalization and the Arab world --</marc:subfield>
            <marc:subfield code="g">Ch. 21.</marc:subfield>
            <marc:subfield code="t">Memories and nostalgia.</marc:subfield>
          </marc:datafield>
          <marc:datafield ind1=" " ind2=" " tag="546">
            <marc:subfield code="a">English and Arabic.</marc:subfield>
          </marc:datafield>
          <marc:datafield ind1=" " ind2="0" tag="650">
            <marc:subfield code="a">Arabic language</marc:subfield>
            <marc:subfield code="v">Textbooks for foreign speakers</marc:subfield>
            <marc:subfield code="x">English.</marc:subfield>
          </marc:datafield>
          <marc:datafield ind1=" " ind2="0" tag="830">
            <marc:subfield code="a">Conversations with native speakers ;</marc:subfield>
            <marc:subfield code="v">5.</marc:subfield>
          </marc:datafield>
          <marc:datafield ind1=" " ind2=" " tag="938">
            <marc:subfield code="a">Baker &amp; Taylor</marc:subfield>
            <marc:subfield code="b">BKTY</marc:subfield>
            <marc:subfield code="c">39.95</marc:subfield>
            <marc:subfield code="d">39.95</marc:subfield>
            <marc:subfield code="i">0300109482</marc:subfield>
            <marc:subfield code="n">0006664620</marc:subfield>
            <marc:subfield code="s">active</marc:subfield>
          </marc:datafield>
          <marc:datafield ind1=" " ind2=" " tag="938">
            <marc:subfield code="a">YBP Library Services</marc:subfield>
            <marc:subfield code="b">YANK</marc:subfield>
            <marc:subfield code="n">2424399</marc:subfield>
          </marc:datafield>
          <marc:datafield ind1=" " ind2=" " tag="938">
            <marc:subfield code="a">Baker and Taylor</marc:subfield>
            <marc:subfield code="b">BTCP</marc:subfield>
            <marc:subfield code="n">BK0006664620</marc:subfield>
          </marc:datafield>
          <marc:datafield ind1=" " ind2=" " tag="994">
            <marc:subfield code="a">C0</marc:subfield>
            <marc:subfield code="b">RRR</marc:subfield>
          </marc:datafield>
          <marc:datafield tag="931" ind1=" " ind2=" ">
            <marc:subfield code="a">Text</marc:subfield>
            <marc:subfield code="5">CHANGE_ME</marc:subfield>
          </marc:datafield>
          <marc:datafield tag="932" ind1=" " ind2=" ">
            <marc:subfield code="a">Language material</marc:subfield>
            <marc:subfield code="5">CHANGE_ME</marc:subfield>
          </marc:datafield>
          <marc:datafield tag="933" ind1=" " ind2=" ">
            <marc:subfield code="a">Text</marc:subfield>
            <marc:subfield code="5">CHANGE_ME</marc:subfield>
          </marc:datafield>
          <marc:datafield tag="935" ind1=" " ind2=" ">
            <marc:subfield code="a">Monograph/Item</marc:subfield>
            <marc:subfield code="5">CHANGE_ME</marc:subfield>
          </marc:datafield>
          <marc:datafield tag="931" ind1=" " ind2=" ">
            <marc:subfield code="a">MovingImage</marc:subfield>
            <marc:subfield code="5">CHANGE_ME</marc:subfield>
          </marc:datafield>
          <marc:datafield tag="933" ind1=" " ind2=" ">
            <marc:subfield code="a">Video recording</marc:subfield>
            <marc:subfield code="5">CHANGE_ME</marc:subfield>
          </marc:datafield>
          <marc:datafield tag="934" ind1=" " ind2=" ">
            <marc:subfield code="a">Videodisc</marc:subfield>
            <marc:subfield code="5">CHANGE_ME</marc:subfield>
          </marc:datafield>
          <marc:datafield tag="937" ind1=" " ind2=" ">
            <marc:subfield code="a">Non-Fiction</marc:subfield>
            <marc:subfield code="5">CHANGE_ME</marc:subfield>
          </marc:datafield>
          <marc:datafield tag="941" ind1=" " ind2=" ">
            <marc:subfield code="a">ara</marc:subfield>
            <marc:subfield code="5">CHANGE_ME</marc:subfield>
          </marc:datafield>
          <marc:datafield tag="941" ind1=" " ind2=" ">
            <marc:subfield code="a">eng</marc:subfield>
            <marc:subfield code="5">CHANGE_ME</marc:subfield>
          </marc:datafield>
          <marc:datafield tag="943" ind1=" " ind2=" ">
            <marc:subfield code="a">Arabic</marc:subfield>
            <marc:subfield code="5">CHANGE_ME</marc:subfield>
          </marc:datafield>
          <marc:datafield tag="943" ind1=" " ind2=" ">
            <marc:subfield code="a">English</marc:subfield>
            <marc:subfield code="5">CHANGE_ME</marc:subfield>
          </marc:datafield>
          <marc:datafield tag="947" ind1=" " ind2=" ">
            <marc:subfield code="a">9780300109481 </marc:subfield>
            <marc:subfield code="5">CHANGE_ME</marc:subfield>
          </marc:datafield>
          <marc:datafield tag="947" ind1=" " ind2=" ">
            <marc:subfield code="a">0300109482 </marc:subfield>
            <marc:subfield code="5">CHANGE_ME</marc:subfield>
          </marc:datafield>
          <marc:datafield tag="035" ind1=" " ind2=" ">
            <marc:subfield code="a">(CHANGE_ME)4354724</marc:subfield>
          </marc:datafield>
          <marc:datafield tag="240" ind1="0" ind2="0">
            <marc:subfield code="a">Aḍwāʼ ʻalá al-ʻArabīyah al-ʻaṣrīyah = Focus on contemporary Arabic /</marc:subfield>
          </marc:datafield>
          <marc:datafield tag="965" ind1=" " ind2="0">
            <marc:subfield code="a">Arabic language</marc:subfield>
            <marc:subfield code="5">CHANGE_ME</marc:subfield>
          </marc:datafield>
          <marc:datafield tag="965" ind1=" " ind2="0">
            <marc:subfield code="x">English.</marc:subfield>
            <marc:subfield code="5">CHANGE_ME</marc:subfield>
          </marc:datafield>
          <marc:datafield tag="969" ind1=" " ind2="0">
            <marc:subfield code="v">Textbooks for foreign speakers</marc:subfield>
            <marc:subfield code="5">CHANGE_ME</marc:subfield>
          </marc:datafield>
        </marc:record>
      </metadata>
    </record>