
    <record>
      <header>
        <identifier>oai:mst.rochester.edu:marcnormalization/76</identifier>
        <datestamp>2011-03-30T15:04:46Z</datestamp>
        <setSpec>MARCXMLbibliographic</setSpec>
        <setSpec>marcnormalization</setSpec>
      </header>
      <metadata>
        <marc:record xmlns:marc="http://www.loc.gov/MARC21/slim" xmlns:xsi="http://www.w3.org/2001/XMLSchema-instance" xsi:schemaLocation="http://www.loc.gov/MARC21/slim http://localhost:8080/OAIToolkit-0.6.10/schema/MARC21slim_custom.xsd">
          <marc:leader>01396cam a2200301Ia 4500</marc:leader>
          <marc:controlfield tag="001">4354904</marc:controlfield>
          <marc:controlfield tag="005">20100406161253.0</marc:controlfield>
          <marc:controlfield tag="008">071113s2006    nyuab         000 0 ara d</marc:controlfield>
          <marc:controlfield tag="003">CHANGE_ME</marc:controlfield>
          <marc:datafield ind1=" " ind2=" " tag="020">
            <marc:subfield code="a">0974484342</marc:subfield>
          </marc:datafield>
          <marc:datafield ind1=" " ind2=" " tag="020">
            <marc:subfield code="a">9780974484341</marc:subfield>
          </marc:datafield>
          <marc:datafield ind1=" " ind2=" " tag="035">
            <marc:subfield code="a">(OCoLC)181101470</marc:subfield>
          </marc:datafield>
          <marc:datafield ind1=" " ind2=" " tag="040">
            <marc:subfield code="a">DGU</marc:subfield>
            <marc:subfield code="c">DGU</marc:subfield>
            <marc:subfield code="d">DGU</marc:subfield>
            <marc:subfield code="d">YDXCP</marc:subfield>
          </marc:datafield>
          <marc:datafield ind1="0" ind2=" " tag="041">
            <marc:subfield code="a">ara</marc:subfield>
            <marc:subfield code="a">eng</marc:subfield>
          </marc:datafield>
          <marc:datafield ind1=" " ind2=" " tag="049">
            <marc:subfield code="a">RRRR</marc:subfield>
          </marc:datafield>
          <marc:datafield ind1=" " ind2=" " tag="090">
            <marc:subfield code="a">PJ6307</marc:subfield>
            <marc:subfield code="b">.Y59 2006</marc:subfield>
          </marc:datafield>
          <marc:datafield ind1="1" ind2=" " tag="100">
            <marc:subfield code="a">Younes, Munther Abdullatif,</marc:subfield>
            <marc:subfield code="d">1952-</marc:subfield>
            <marc:subfield code="4">aut</marc:subfield>
          </marc:datafield>
          <marc:datafield ind1="1" ind2="0" tag="245">
            <marc:subfield code="6">880-01</marc:subfield>
            <marc:subfield code="a">ʻArabīyat al-nās :</marc:subfield>
            <marc:subfield code="b">barnāmaj mutakāmil li-taʻlīm al-ʻArabīyah li-ghayr al-nāṭiqīn bi-hā = Living Arabic: A comprehensive introductory course /</marc:subfield>
            <marc:subfield code="c">Mundhir Yūnus.</marc:subfield>
          </marc:datafield>
          <marc:datafield ind1="1" ind2="1" tag="246">
            <marc:subfield code="a">Living Arabic:</marc:subfield>
            <marc:subfield code="b">A comprehensive introductory course</marc:subfield>
          </marc:datafield>
          <marc:datafield ind1=" " ind2=" " tag="260">
            <marc:subfield code="a">Ithaca, NY :</marc:subfield>
            <marc:subfield code="b">Cornell University, Language Resource Center,</marc:subfield>
            <marc:subfield code="c">2006.</marc:subfield>
          </marc:datafield>
          <marc:datafield ind1=" " ind2=" " tag="300">
            <marc:subfield code="a">516 p. :</marc:subfield>
            <marc:subfield code="b">ill., maps ;</marc:subfield>
            <marc:subfield code="c">28 cm. +</marc:subfield>
            <marc:subfield code="e">1 CD-ROM (4 3/4 in.) + 1 DVD (4 3/4 in.)</marc:subfield>
          </marc:datafield>
          <marc:datafield ind1=" " ind2=" " tag="500">
            <marc:subfield code="a">Includes transcripts of audio files, answer key (p.351-448), and glossary.</marc:subfield>
          </marc:datafield>
          <marc:datafield ind1=" " ind2=" " tag="500">
            <marc:subfield code="a">"Illustrations by Micah Garen" -- t.p.</marc:subfield>
          </marc:datafield>
          <marc:datafield ind1=" " ind2="0" tag="650">
            <marc:subfield code="a">Arabic language</marc:subfield>
            <marc:subfield code="v">Textbooks for foreign speakers.</marc:subfield>
          </marc:datafield>
          <marc:datafield ind1="1" ind2="0" tag="880">
            <marc:subfield code="6">245-01/(3/r</marc:subfield>
            <marc:subfield code="a">عربية الناس :</marc:subfield>
            <marc:subfield code="b">برنامج متكامل لتعليم العربية لغير الناطقين بها = Living Arabic: a comprehensive introductory course /</marc:subfield>
            <marc:subfield code="c">منذر يونس.</marc:subfield>
          </marc:datafield>
          <marc:datafield ind1=" " ind2=" " tag="938">
            <marc:subfield code="a">YBP Library Services</marc:subfield>
            <marc:subfield code="b">YANK</marc:subfield>
            <marc:subfield code="n">2766294</marc:subfield>
          </marc:datafield>
          <marc:datafield ind1=" " ind2=" " tag="994">
            <marc:subfield code="a">C0</marc:subfield>
            <marc:subfield code="b">RRR</marc:subfield>
          </marc:datafield>
          <marc:datafield tag="931" ind1=" " ind2=" ">
            <marc:subfield code="a">Text</marc:subfield>
            <marc:subfield code="5">CHANGE_ME</marc:subfield>
          </marc:datafield>
          <marc:datafield tag="932" ind1=" " ind2=" ">
            <marc:subfield code="a">Language material</marc:subfield>
            <marc:subfield code="5">CHANGE_ME</marc:subfield>
          </marc:datafield>
          <marc:datafield tag="933" ind1=" " ind2=" ">
            <marc:subfield code="a">Text</marc:subfield>
            <marc:subfield code="5">CHANGE_ME</marc:subfield>
          </marc:datafield>
          <marc:datafield tag="935" ind1=" " ind2=" ">
            <marc:subfield code="a">Monograph/Item</marc:subfield>
            <marc:subfield code="5">CHANGE_ME</marc:subfield>
          </marc:datafield>
          <marc:datafield tag="937" ind1=" " ind2=" ">
            <marc:subfield code="a">Non-Fiction</marc:subfield>
            <marc:subfield code="5">CHANGE_ME</marc:subfield>
          </marc:datafield>
          <marc:datafield tag="941" ind1=" " ind2=" ">
            <marc:subfield code="a">ara</marc:subfield>
            <marc:subfield code="5">CHANGE_ME</marc:subfield>
          </marc:datafield>
          <marc:datafield tag="941" ind1=" " ind2=" ">
            <marc:subfield code="a">eng</marc:subfield>
            <marc:subfield code="5">CHANGE_ME</marc:subfield>
          </marc:datafield>
          <marc:datafield tag="943" ind1=" " ind2=" ">
            <marc:subfield code="a">Arabic</marc:subfield>
            <marc:subfield code="5">CHANGE_ME</marc:subfield>
          </marc:datafield>
          <marc:datafield tag="943" ind1=" " ind2=" ">
            <marc:subfield code="a">English</marc:subfield>
            <marc:subfield code="5">CHANGE_ME</marc:subfield>
          </marc:datafield>
          <marc:datafield tag="947" ind1=" " ind2=" ">
            <marc:subfield code="a">0974484342</marc:subfield>
            <marc:subfield code="5">CHANGE_ME</marc:subfield>
          </marc:datafield>
          <marc:datafield tag="947" ind1=" " ind2=" ">
            <marc:subfield code="a">9780974484341</marc:subfield>
            <marc:subfield code="5">CHANGE_ME</marc:subfield>
          </marc:datafield>
          <marc:datafield tag="035" ind1=" " ind2=" ">
            <marc:subfield code="a">(CHANGE_ME)4354904</marc:subfield>
          </marc:datafield>
          <marc:datafield tag="240" ind1="0" ind2="0">
            <marc:subfield code="a">ʻArabīyat al-nās :</marc:subfield>
          </marc:datafield>
          <marc:datafield tag="965" ind1=" " ind2="0">
            <marc:subfield code="a">Arabic language</marc:subfield>
            <marc:subfield code="5">CHANGE_ME</marc:subfield>
          </marc:datafield>
          <marc:datafield tag="969" ind1=" " ind2="0">
            <marc:subfield code="v">Textbooks for foreign speakers.</marc:subfield>
            <marc:subfield code="5">CHANGE_ME</marc:subfield>
          </marc:datafield>
        </marc:record>
      </metadata>
    </record>