
    <record>
      <header>
        <identifier>oai:mst.rochester.edu:marcnormalization/77</identifier>
        <datestamp>2011-03-30T15:04:46Z</datestamp>
        <setSpec>MARCXMLbibliographic</setSpec>
        <setSpec>marcnormalization</setSpec>
      </header>
      <metadata>
        <marc:record xmlns:marc="http://www.loc.gov/MARC21/slim" xmlns:xsi="http://www.w3.org/2001/XMLSchema-instance" xsi:schemaLocation="http://www.loc.gov/MARC21/slim http://localhost:8080/OAIToolkit-0.6.10/schema/MARC21slim_custom.xsd">
          <marc:leader>02401cam a2200421Ma 4500</marc:leader>
          <marc:controlfield tag="001">4549474</marc:controlfield>
          <marc:controlfield tag="005">20100727120656.0</marc:controlfield>
          <marc:controlfield tag="008">100115s2009    le       b    000 0 ara d</marc:controlfield>
          <marc:controlfield tag="003">CHANGE_ME</marc:controlfield>
          <marc:datafield ind1=" " ind2=" " tag="020">
            <marc:subfield code="a">2721460269</marc:subfield>
          </marc:datafield>
          <marc:datafield ind1=" " ind2=" " tag="020">
            <marc:subfield code="a">9782721460264</marc:subfield>
          </marc:datafield>
          <marc:datafield ind1=" " ind2=" " tag="035">
            <marc:subfield code="a">(OCoLC)590499562</marc:subfield>
          </marc:datafield>
          <marc:datafield ind1=" " ind2=" " tag="037">
            <marc:subfield code="a">193-278</marc:subfield>
            <marc:subfield code="b">Sulaiman's Bookshop, Beirut, Lebanon, info@sulaimansbookshop.com</marc:subfield>
            <marc:subfield code="c">$16.00</marc:subfield>
          </marc:datafield>
          <marc:datafield ind1=" " ind2=" " tag="040">
            <marc:subfield code="a">LB-BrSB</marc:subfield>
            <marc:subfield code="c">N15</marc:subfield>
            <marc:subfield code="d">RRR</marc:subfield>
          </marc:datafield>
          <marc:datafield ind1="0" ind2=" " tag="041">
            <marc:subfield code="a">ara</marc:subfield>
            <marc:subfield code="a">eng</marc:subfield>
          </marc:datafield>
          <marc:datafield ind1=" " ind2=" " tag="049">
            <marc:subfield code="a">RRRR</marc:subfield>
          </marc:datafield>
          <marc:datafield ind1=" " ind2="4" tag="050">
            <marc:subfield code="a">BP188.6</marc:subfield>
            <marc:subfield code="b">.S842 2009</marc:subfield>
          </marc:datafield>
          <marc:datafield ind1="1" ind2=" " tag="100">
            <marc:subfield code="6">880-01</marc:subfield>
            <marc:subfield code="a">Sulamī, Muḥammad ibn al-Ḥusayn,</marc:subfield>
            <marc:subfield code="d">d. 1021.</marc:subfield>
            <marc:subfield code="4">aut</marc:subfield>
          </marc:datafield>
          <marc:datafield ind1="1" ind2="0" tag="245">
            <marc:subfield code="6">880-02</marc:subfield>
            <marc:subfield code="a">Rasāʼil Ṣūfīyah li-Abī ʻAbd al-Raḥmān al-Sulamī /</marc:subfield>
            <marc:subfield code="c">Abū ʻAbd al-Raḥmān al-Sulamī ; ḥaqqaqahā wa-qaddama la-hā Jirhārd Būrīng wa Bilāl al-Urfahlī.</marc:subfield>
          </marc:datafield>
          <marc:datafield ind1="1" ind2="5" tag="246">
            <marc:subfield code="a">Sufi treatises of Abū ʻAbd al-Raḥmān al-Sulamī</marc:subfield>
          </marc:datafield>
          <marc:datafield ind1=" " ind2=" " tag="250">
            <marc:subfield code="6">880-03</marc:subfield>
            <marc:subfield code="a">al-Ṭabʻah 1.</marc:subfield>
          </marc:datafield>
          <marc:datafield ind1=" " ind2=" " tag="260">
            <marc:subfield code="6">880-04</marc:subfield>
            <marc:subfield code="a">Bayrūt :</marc:subfield>
            <marc:subfield code="b">Dār al-Mashriq,</marc:subfield>
            <marc:subfield code="c">2009.</marc:subfield>
          </marc:datafield>
          <marc:datafield ind1=" " ind2=" " tag="300">
            <marc:subfield code="a">175, 30 p. ;</marc:subfield>
            <marc:subfield code="c">25 cm.</marc:subfield>
          </marc:datafield>
          <marc:datafield ind1="1" ind2=" " tag="490">
            <marc:subfield code="6">880-05</marc:subfield>
            <marc:subfield code="a">Buḥūth wa-dirāsāt. Silsilah jadīdah A, al-Lughah al-ʻArabīyah wa-al-Fikr al-Islāmī ;</marc:subfield>
            <marc:subfield code="v">raqm 22</marc:subfield>
          </marc:datafield>
          <marc:datafield ind1="1" ind2=" " tag="490">
            <marc:subfield code="a">La collection recherches</marc:subfield>
          </marc:datafield>
          <marc:datafield ind1="1" ind2=" " tag="490">
            <marc:subfield code="a">Langue arabe et pensée islamique ;</marc:subfield>
            <marc:subfield code="v">t. 22</marc:subfield>
          </marc:datafield>
          <marc:datafield ind1=" " ind2=" " tag="500">
            <marc:subfield code="a">Text in Arabic; introduction in English.</marc:subfield>
          </marc:datafield>
          <marc:datafield ind1=" " ind2=" " tag="504">
            <marc:subfield code="a">Includes bibliographical references.</marc:subfield>
          </marc:datafield>
          <marc:datafield ind1=" " ind2="0" tag="650">
            <marc:subfield code="a">Sufism</marc:subfield>
            <marc:subfield code="v">Early works to 1800.</marc:subfield>
          </marc:datafield>
          <marc:datafield ind1=" " ind2="0" tag="830">
            <marc:subfield code="6">880-06</marc:subfield>
            <marc:subfield code="a">Buḥūth wa-dirāsāt.</marc:subfield>
            <marc:subfield code="p">Silsilah jadīdah A,</marc:subfield>
            <marc:subfield code="p">al-Lughah al-ʻArabīyah wa-al-Fikr al-Islāmī ;</marc:subfield>
            <marc:subfield code="v">raqm 22.</marc:subfield>
          </marc:datafield>
          <marc:datafield ind1=" " ind2="0" tag="830">
            <marc:subfield code="a">Recherches (Université Saint-Joseph (Beirut, Lebanon). Institut de lettres orientales)</marc:subfield>
          </marc:datafield>
          <marc:datafield ind1=" " ind2="0" tag="830">
            <marc:subfield code="a">Recherches.</marc:subfield>
            <marc:subfield code="p">Nouvelle série</marc:subfield>
            <marc:subfield code="n">A,</marc:subfield>
            <marc:subfield code="p">Langue arabe et pensée islamique ;</marc:subfield>
            <marc:subfield code="v">t. 22.</marc:subfield>
          </marc:datafield>
          <marc:datafield ind1="1" ind2=" " tag="880">
            <marc:subfield code="6">100-01/r</marc:subfield>
            <marc:subfield code="a">سلمي، محمد بن الحسين،</marc:subfield>
            <marc:subfield code="d">d. 1021.</marc:subfield>
            <marc:subfield code="4">aut</marc:subfield>
          </marc:datafield>
          <marc:datafield ind1="1" ind2="0" tag="880">
            <marc:subfield code="6">245-02/r</marc:subfield>
            <marc:subfield code="a">رسائل صوفية لأبي عبد الرحمن السلمي /</marc:subfield>
            <marc:subfield code="c">أبو عبد الرحمن السلمي ؛ حققها و قدمّ لها جرهارد بورينع و بلال الأرفه لي.</marc:subfield>
          </marc:datafield>
          <marc:datafield ind1=" " ind2=" " tag="880">
            <marc:subfield code="6">250-03/r</marc:subfield>
            <marc:subfield code="a">الطبعة الأولى.</marc:subfield>
          </marc:datafield>
          <marc:datafield ind1=" " ind2=" " tag="880">
            <marc:subfield code="6">260-04/r</marc:subfield>
            <marc:subfield code="a">بيروت :</marc:subfield>
            <marc:subfield code="b">دار المشرق،</marc:subfield>
            <marc:subfield code="c">2009.</marc:subfield>
          </marc:datafield>
          <marc:datafield ind1="1" ind2=" " tag="880">
            <marc:subfield code="6">490-05/r</marc:subfield>
            <marc:subfield code="a">بحوث ودراسات. سلسلة جديدة ا، اللغة العربية والفكر الاسلامي ؛</marc:subfield>
            <marc:subfield code="v">رقم 22</marc:subfield>
          </marc:datafield>
          <marc:datafield ind1=" " ind2="0" tag="880">
            <marc:subfield code="6">830-06/r</marc:subfield>
            <marc:subfield code="a">بحوث ودراسات. سلسلة جديدة ا، اللغة العربية والفكر الاسلامي ؛</marc:subfield>
            <marc:subfield code="v">رقم 22.</marc:subfield>
          </marc:datafield>
          <marc:datafield ind1=" " ind2=" " tag="994">
            <marc:subfield code="a">C0</marc:subfield>
            <marc:subfield code="b">RRR</marc:subfield>
          </marc:datafield>
          <marc:datafield tag="931" ind1=" " ind2=" ">
            <marc:subfield code="a">Text</marc:subfield>
            <marc:subfield code="5">CHANGE_ME</marc:subfield>
          </marc:datafield>
          <marc:datafield tag="932" ind1=" " ind2=" ">
            <marc:subfield code="a">Language material</marc:subfield>
            <marc:subfield code="5">CHANGE_ME</marc:subfield>
          </marc:datafield>
          <marc:datafield tag="933" ind1=" " ind2=" ">
            <marc:subfield code="a">Text</marc:subfield>
            <marc:subfield code="5">CHANGE_ME</marc:subfield>
          </marc:datafield>
          <marc:datafield tag="935" ind1=" " ind2=" ">
            <marc:subfield code="a">Monograph/Item</marc:subfield>
            <marc:subfield code="5">CHANGE_ME</marc:subfield>
          </marc:datafield>
          <marc:datafield tag="937" ind1=" " ind2=" ">
            <marc:subfield code="a">Non-Fiction</marc:subfield>
            <marc:subfield code="5">CHANGE_ME</marc:subfield>
          </marc:datafield>
          <marc:datafield tag="941" ind1=" " ind2=" ">
            <marc:subfield code="a">ara</marc:subfield>
            <marc:subfield code="5">CHANGE_ME</marc:subfield>
          </marc:datafield>
          <marc:datafield tag="941" ind1=" " ind2=" ">
            <marc:subfield code="a">eng</marc:subfield>
            <marc:subfield code="5">CHANGE_ME</marc:subfield>
          </marc:datafield>
          <marc:datafield tag="943" ind1=" " ind2=" ">
            <marc:subfield code="a">Arabic</marc:subfield>
            <marc:subfield code="5">CHANGE_ME</marc:subfield>
          </marc:datafield>
          <marc:datafield tag="943" ind1=" " ind2=" ">
            <marc:subfield code="a">English</marc:subfield>
            <marc:subfield code="5">CHANGE_ME</marc:subfield>
          </marc:datafield>
          <marc:datafield tag="947" ind1=" " ind2=" ">
            <marc:subfield code="a">2721460269</marc:subfield>
            <marc:subfield code="5">CHANGE_ME</marc:subfield>
          </marc:datafield>
          <marc:datafield tag="947" ind1=" " ind2=" ">
            <marc:subfield code="a">9782721460264</marc:subfield>
            <marc:subfield code="5">CHANGE_ME</marc:subfield>
          </marc:datafield>
          <marc:datafield tag="035" ind1=" " ind2=" ">
            <marc:subfield code="a">(CHANGE_ME)4549474</marc:subfield>
          </marc:datafield>
          <marc:datafield tag="240" ind1="0" ind2="0">
            <marc:subfield code="a">Rasāʼil Ṣūfīyah li-Abī ʻAbd al-Raḥmān al-Sulamī /</marc:subfield>
          </marc:datafield>
          <marc:datafield tag="965" ind1=" " ind2="0">
            <marc:subfield code="a">Sufism</marc:subfield>
            <marc:subfield code="5">CHANGE_ME</marc:subfield>
          </marc:datafield>
          <marc:datafield tag="969" ind1=" " ind2="0">
            <marc:subfield code="v">Early works to 1800.</marc:subfield>
            <marc:subfield code="5">CHANGE_ME</marc:subfield>
          </marc:datafield>
        </marc:record>
      </metadata>
    </record>