
    <record>
      <header>
        <identifier>oai:mst.rochester.edu:marcnormalization/79</identifier>
        <datestamp>2011-03-30T15:04:46Z</datestamp>
        <setSpec>MARCXMLbibliographic</setSpec>
        <setSpec>marcnormalization</setSpec>
      </header>
      <metadata>
        <marc:record xmlns:marc="http://www.loc.gov/MARC21/slim" xmlns:xsi="http://www.w3.org/2001/XMLSchema-instance" xsi:schemaLocation="http://www.loc.gov/MARC21/slim http://localhost:8080/OAIToolkit-0.6.10/schema/MARC21slim_custom.xsd">
          <marc:leader>02654cgm a2200649Ia 4500</marc:leader>
          <marc:controlfield tag="001">2901100</marc:controlfield>
          <marc:controlfield tag="005">20051011102145.0</marc:controlfield>
          <marc:controlfield tag="007">vd bvaizu</marc:controlfield>
          <marc:controlfield tag="003">CHANGE_ME</marc:controlfield>
          <marc:controlfield tag="008">960603s200u    cc 092            vlchi d</marc:controlfield>
          <marc:datafield ind1=" " ind2=" " tag="020">
            <marc:subfield code="a">7885122077</marc:subfield>
          </marc:datafield>
          <marc:datafield ind1=" " ind2=" " tag="035">
            <marc:subfield code="a">(OCoLC)51547367</marc:subfield>
          </marc:datafield>
          <marc:datafield ind1=" " ind2=" " tag="035">
            <marc:subfield code="a">2901100</marc:subfield>
          </marc:datafield>
          <marc:datafield ind1=" " ind2=" " tag="040">
            <marc:subfield code="a">HMY</marc:subfield>
            <marc:subfield code="c">HMY</marc:subfield>
          </marc:datafield>
          <marc:datafield ind1=" " ind2=" " tag="049">
            <marc:subfield code="a">RRRR</marc:subfield>
          </marc:datafield>
          <marc:datafield ind1=" " ind2=" " tag="066">
            <marc:subfield code="c">$1</marc:subfield>
          </marc:datafield>
          <marc:datafield ind1=" " ind2=" " tag="090">
            <marc:subfield code="a">PN1995.91.C5</marc:subfield>
            <marc:subfield code="b">S67 2000z</marc:subfield>
          </marc:datafield>
          <marc:datafield ind1="0" ind2="0" tag="245">
            <marc:subfield code="6">880-01</marc:subfield>
            <marc:subfield code="a">Xiao cheng zhi chun</marc:subfield>
            <marc:subfield code="h">[videorecording] =</marc:subfield>
            <marc:subfield code="b">Springtime in a small town /</marc:subfield>
            <marc:subfield code="c">Zhongguo dian ying zi liao guan jian zhi ; dao yan Fei Mu.</marc:subfield>
          </marc:datafield>
          <marc:datafield ind1="3" ind2="1" tag="246">
            <marc:subfield code="a">Springtime in a small town</marc:subfield>
          </marc:datafield>
          <marc:datafield ind1="1" ind2=" " tag="246">
            <marc:subfield code="i">Title on container:</marc:subfield>
            <marc:subfield code="a">Spring in a small town</marc:subfield>
          </marc:datafield>
          <marc:datafield ind1=" " ind2=" " tag="250">
            <marc:subfield code="6">880-02</marc:subfield>
            <marc:subfield code="a">Zhen cang ban.</marc:subfield>
          </marc:datafield>
          <marc:datafield ind1=" " ind2=" " tag="260">
            <marc:subfield code="6">880-03</marc:subfield>
            <marc:subfield code="a">[Guangzhou Shi?] :</marc:subfield>
            <marc:subfield code="b">Guangdong yin xiang chu ban she,</marc:subfield>
            <marc:subfield code="c">[200-?]</marc:subfield>
          </marc:datafield>
          <marc:datafield ind1=" " ind2=" " tag="300">
            <marc:subfield code="a">2 videodiscs (92 min.) :</marc:subfield>
            <marc:subfield code="b">sd., b&amp;w ;</marc:subfield>
            <marc:subfield code="c">4 3/4 in.</marc:subfield>
          </marc:datafield>
          <marc:datafield ind1=" " ind2=" " tag="500">
            <marc:subfield code="a">Title and publication information from container.</marc:subfield>
          </marc:datafield>
          <marc:datafield ind1=" " ind2=" " tag="500">
            <marc:subfield code="a">In Mandarin.</marc:subfield>
          </marc:datafield>
          <marc:datafield ind1=" " ind2=" " tag="500">
            <marc:subfield code="a">Originally produced as a motion picture in 1948.</marc:subfield>
          </marc:datafield>
          <marc:datafield ind1=" " ind2=" " tag="508">
            <marc:subfield code="6">880-04</marc:subfield>
            <marc:subfield code="a">Bian ju: Li Tianji ; she ying: Li Shengwei ; mei gong: Han Shangyi.</marc:subfield>
          </marc:datafield>
          <marc:datafield ind1="1" ind2=" " tag="511">
            <marc:subfield code="6">880-05</marc:subfield>
            <marc:subfield code="a">Wei Wei, Li Wei, Shi Yu, Zhang Hongmei, Cui Chaoming.</marc:subfield>
          </marc:datafield>
          <marc:datafield ind1=" " ind2=" " tag="520">
            <marc:subfield code="a">A husband with the terminal illness and his young wife live in a quiet small town.  One day the husband's best friend, who happens to be the wife's former lover, comes to the little town for a visit.</marc:subfield>
          </marc:datafield>
          <marc:datafield ind1=" " ind2=" " tag="538">
            <marc:subfield code="a">DVD.</marc:subfield>
          </marc:datafield>
          <marc:datafield ind1="1" ind2=" " tag="700">
            <marc:subfield code="6">880-06</marc:subfield>
            <marc:subfield code="a">Fei, Mu,</marc:subfield>
            <marc:subfield code="d">1906-1951.</marc:subfield>
          </marc:datafield>
          <marc:datafield ind1="1" ind2=" " tag="700">
            <marc:subfield code="6">880-07</marc:subfield>
            <marc:subfield code="a">Li, Tianji.</marc:subfield>
          </marc:datafield>
          <marc:datafield ind1="1" ind2=" " tag="700">
            <marc:subfield code="6">880-08</marc:subfield>
            <marc:subfield code="a">Li, Shengwei.</marc:subfield>
          </marc:datafield>
          <marc:datafield ind1="1" ind2=" " tag="700">
            <marc:subfield code="6">880-09</marc:subfield>
            <marc:subfield code="a">Han, Shangyi.</marc:subfield>
          </marc:datafield>
          <marc:datafield ind1="1" ind2=" " tag="700">
            <marc:subfield code="6">880-10</marc:subfield>
            <marc:subfield code="a">Wei, Wei.</marc:subfield>
          </marc:datafield>
          <marc:datafield ind1="1" ind2=" " tag="700">
            <marc:subfield code="6">880-11</marc:subfield>
            <marc:subfield code="a">Li, Wei.</marc:subfield>
          </marc:datafield>
          <marc:datafield ind1="1" ind2=" " tag="700">
            <marc:subfield code="6">880-12</marc:subfield>
            <marc:subfield code="a">Shi, Yu.</marc:subfield>
          </marc:datafield>
          <marc:datafield ind1="1" ind2=" " tag="700">
            <marc:subfield code="6">880-13</marc:subfield>
            <marc:subfield code="a">Zhang, Hongmei.</marc:subfield>
          </marc:datafield>
          <marc:datafield ind1="2" ind2=" " tag="710">
            <marc:subfield code="6">880-14</marc:subfield>
            <marc:subfield code="a">Zhongguo dian ying zi liao guan.</marc:subfield>
          </marc:datafield>
          <marc:datafield ind1="2" ind2=" " tag="710">
            <marc:subfield code="6">880-15</marc:subfield>
            <marc:subfield code="a">Guangdong yin xiang chu ban she.</marc:subfield>
          </marc:datafield>
          <marc:datafield ind1="0" ind2="0" tag="880">
            <marc:subfield code="6">245-01/$1</marc:subfield>
            <marc:subfield code="a">小城之春</marc:subfield>
            <marc:subfield code="h">[videorecording] =</marc:subfield>
            <marc:subfield code="b">Springtime in a small town /</marc:subfield>
            <marc:subfield code="c">中国电影资料馆监制 ; 导演费穆.</marc:subfield>
          </marc:datafield>
          <marc:datafield ind1=" " ind2=" " tag="880">
            <marc:subfield code="6">250-02/$1</marc:subfield>
            <marc:subfield code="a">珍藏版.</marc:subfield>
          </marc:datafield>
          <marc:datafield ind1=" " ind2=" " tag="880">
            <marc:subfield code="6">260-03/$1</marc:subfield>
            <marc:subfield code="a">[广州市?] :</marc:subfield>
            <marc:subfield code="b">广东音像出版社,</marc:subfield>
            <marc:subfield code="c">[200-?]</marc:subfield>
          </marc:datafield>
          <marc:datafield ind1=" " ind2=" " tag="880">
            <marc:subfield code="6">508-04/$1</marc:subfield>
            <marc:subfield code="a">编剧: 李天济 ; 摄影: 李生伟 ; 美工: 韩尚义.</marc:subfield>
          </marc:datafield>
          <marc:datafield ind1="1" ind2=" " tag="880">
            <marc:subfield code="6">511-05/$1</marc:subfield>
            <marc:subfield code="a">韦伟, 李伟, 石羽, 张鸿眉, 崔超明.</marc:subfield>
          </marc:datafield>
          <marc:datafield ind1="1" ind2=" " tag="880">
            <marc:subfield code="6">700-06/$1</marc:subfield>
            <marc:subfield code="a">费穆,</marc:subfield>
            <marc:subfield code="d">1906-1951.</marc:subfield>
          </marc:datafield>
          <marc:datafield ind1="1" ind2=" " tag="880">
            <marc:subfield code="6">700-07/$1</marc:subfield>
            <marc:subfield code="a">李天济.</marc:subfield>
          </marc:datafield>
          <marc:datafield ind1="1" ind2=" " tag="880">
            <marc:subfield code="6">700-08/$1</marc:subfield>
            <marc:subfield code="a">李生伟.</marc:subfield>
          </marc:datafield>
          <marc:datafield ind1="1" ind2=" " tag="880">
            <marc:subfield code="6">700-09/$1</marc:subfield>
            <marc:subfield code="a">韩尚义.</marc:subfield>
          </marc:datafield>
          <marc:datafield ind1="1" ind2=" " tag="880">
            <marc:subfield code="6">700-10/$1</marc:subfield>
            <marc:subfield code="a">韦伟.</marc:subfield>
          </marc:datafield>
          <marc:datafield ind1="1" ind2=" " tag="880">
            <marc:subfield code="6">700-11/$1</marc:subfield>
            <marc:subfield code="a">李伟.</marc:subfield>
          </marc:datafield>
          <marc:datafield ind1="1" ind2=" " tag="880">
            <marc:subfield code="6">700-12/$1</marc:subfield>
            <marc:subfield code="a">石羽.</marc:subfield>
          </marc:datafield>
          <marc:datafield ind1="1" ind2=" " tag="880">
            <marc:subfield code="6">700-13/$1</marc:subfield>
            <marc:subfield code="a">张鸿眉.</marc:subfield>
          </marc:datafield>
          <marc:datafield ind1="2" ind2=" " tag="880">
            <marc:subfield code="6">710-14/$1</marc:subfield>
            <marc:subfield code="a">中国电影资料馆.</marc:subfield>
          </marc:datafield>
          <marc:datafield ind1="2" ind2=" " tag="880">
            <marc:subfield code="6">710-15/$1</marc:subfield>
            <marc:subfield code="a">广东音像出版社.</marc:subfield>
          </marc:datafield>
          <marc:datafield ind1=" " ind2=" " tag="987">
            <marc:subfield code="a">PINYIN</marc:subfield>
            <marc:subfield code="b">MH-HY</marc:subfield>
            <marc:subfield code="d">c</marc:subfield>
          </marc:datafield>
          <marc:datafield ind1=" " ind2=" " tag="994">
            <marc:subfield code="a">C0</marc:subfield>
            <marc:subfield code="b">RRR</marc:subfield>
          </marc:datafield>
          <marc:datafield tag="931" ind1=" " ind2=" ">
            <marc:subfield code="a">Image</marc:subfield>
            <marc:subfield code="5">CHANGE_ME</marc:subfield>
          </marc:datafield>
          <marc:datafield tag="932" ind1=" " ind2=" ">
            <marc:subfield code="a">Projected medium</marc:subfield>
            <marc:subfield code="5">CHANGE_ME</marc:subfield>
          </marc:datafield>
          <marc:datafield tag="935" ind1=" " ind2=" ">
            <marc:subfield code="a">Monograph/Item</marc:subfield>
            <marc:subfield code="5">CHANGE_ME</marc:subfield>
          </marc:datafield>
          <marc:datafield tag="931" ind1=" " ind2=" ">
            <marc:subfield code="a">MovingImage</marc:subfield>
            <marc:subfield code="5">CHANGE_ME</marc:subfield>
          </marc:datafield>
          <marc:datafield tag="933" ind1=" " ind2=" ">
            <marc:subfield code="a">Video recording</marc:subfield>
            <marc:subfield code="5">CHANGE_ME</marc:subfield>
          </marc:datafield>
          <marc:datafield tag="934" ind1=" " ind2=" ">
            <marc:subfield code="a">Videodisc</marc:subfield>
            <marc:subfield code="5">CHANGE_ME</marc:subfield>
          </marc:datafield>
          <marc:datafield tag="941" ind1=" " ind2=" ">
            <marc:subfield code="a">chi</marc:subfield>
            <marc:subfield code="5">CHANGE_ME</marc:subfield>
          </marc:datafield>
          <marc:datafield tag="943" ind1=" " ind2=" ">
            <marc:subfield code="a">Chinese</marc:subfield>
            <marc:subfield code="5">CHANGE_ME</marc:subfield>
          </marc:datafield>
          <marc:datafield tag="947" ind1=" " ind2=" ">
            <marc:subfield code="a">7885122077</marc:subfield>
            <marc:subfield code="5">CHANGE_ME</marc:subfield>
          </marc:datafield>
          <marc:datafield tag="035" ind1=" " ind2=" ">
            <marc:subfield code="a">(CHANGE_ME)2901100</marc:subfield>
          </marc:datafield>
          <marc:datafield tag="130" ind1="0" ind2=" ">
            <marc:subfield code="a">Xiao cheng zhi chun</marc:subfield>
          </marc:datafield>
        </marc:record>
      </metadata>
    </record>