
    <record>
      <header>
        <identifier>oai:mst.rochester.edu:marcnormalization/80</identifier>
        <datestamp>2011-03-30T15:04:46Z</datestamp>
        <setSpec>MARCXMLbibliographic</setSpec>
        <setSpec>marcnormalization</setSpec>
      </header>
      <metadata>
        <marc:record xmlns:marc="http://www.loc.gov/MARC21/slim" xmlns:xsi="http://www.w3.org/2001/XMLSchema-instance" xsi:schemaLocation="http://www.loc.gov/MARC21/slim http://localhost:8080/OAIToolkit-0.6.10/schema/MARC21slim_custom.xsd">
          <marc:leader>01951cgm a2200481Ka 4500</marc:leader>
          <marc:controlfield tag="001">2901099</marc:controlfield>
          <marc:controlfield tag="005">20051011102145.0</marc:controlfield>
          <marc:controlfield tag="007">vd cvaizu</marc:controlfield>
          <marc:controlfield tag="003">CHANGE_ME</marc:controlfield>
          <marc:controlfield tag="008">010423p200u1992cc 103 e          vlchi d</marc:controlfield>
          <marc:datafield ind1="4" ind2="2" tag="028">
            <marc:subfield code="a">DVD-635</marc:subfield>
            <marc:subfield code="b">Mei ya yu le</marc:subfield>
          </marc:datafield>
          <marc:datafield ind1=" " ind2=" " tag="035">
            <marc:subfield code="a">(OCoLC)60703063</marc:subfield>
          </marc:datafield>
          <marc:datafield ind1=" " ind2=" " tag="035">
            <marc:subfield code="a">2901099</marc:subfield>
          </marc:datafield>
          <marc:datafield ind1=" " ind2=" " tag="040">
            <marc:subfield code="a">UV0</marc:subfield>
            <marc:subfield code="c">UV0</marc:subfield>
          </marc:datafield>
          <marc:datafield ind1="1" ind2=" " tag="041">
            <marc:subfield code="a">chi</marc:subfield>
            <marc:subfield code="b">chieng</marc:subfield>
          </marc:datafield>
          <marc:datafield ind1=" " ind2=" " tag="049">
            <marc:subfield code="a">RRRR</marc:subfield>
          </marc:datafield>
          <marc:datafield ind1=" " ind2=" " tag="066">
            <marc:subfield code="c">$1</marc:subfield>
          </marc:datafield>
          <marc:datafield ind1=" " ind2=" " tag="090">
            <marc:subfield code="a">PN1995.91.C5</marc:subfield>
            <marc:subfield code="b">D72 2000z</marc:subfield>
          </marc:datafield>
          <marc:datafield ind1="0" ind2="0" tag="245">
            <marc:subfield code="6">880-01</marc:subfield>
            <marc:subfield code="a">Xin long men ke zhan</marc:subfield>
            <marc:subfield code="h">[videorecording] =</marc:subfield>
            <marc:subfield code="b">Dragon inn /</marc:subfield>
            <marc:subfield code="c">Seasonal film corporation ; dao yan Li Huimin.</marc:subfield>
          </marc:datafield>
          <marc:datafield ind1="3" ind2="1" tag="246">
            <marc:subfield code="a">Dragon inn</marc:subfield>
            <marc:subfield code="h">[videorecording]</marc:subfield>
          </marc:datafield>
          <marc:datafield ind1=" " ind2=" " tag="260">
            <marc:subfield code="6">880-02</marc:subfield>
            <marc:subfield code="a">[Xianggang] :</marc:subfield>
            <marc:subfield code="b">Mei ya lei she ying die you xian gong si,</marc:subfield>
            <marc:subfield code="c">[200-?]</marc:subfield>
          </marc:datafield>
          <marc:datafield ind1=" " ind2=" " tag="300">
            <marc:subfield code="a">1 videodisc (103 min.) :</marc:subfield>
            <marc:subfield code="b">sd., col. ;</marc:subfield>
            <marc:subfield code="c">4 3/4 in.</marc:subfield>
          </marc:datafield>
          <marc:datafield ind1=" " ind2=" " tag="500">
            <marc:subfield code="a">Originally released as a motion picture in 1992.</marc:subfield>
          </marc:datafield>
          <marc:datafield ind1="1" ind2=" " tag="511">
            <marc:subfield code="6">880-03</marc:subfield>
            <marc:subfield code="a">Liang Jiahui, Zhang Manyu, Lin Qingxia, Zhen Zidan.</marc:subfield>
          </marc:datafield>
          <marc:datafield ind1=" " ind2=" " tag="520">
            <marc:subfield code="a">Dragon Inn becomes the chaotic center of battle between the government's villainous eunuchs and a band of righteous heroes. Set during ancient China's Ming dynasty.</marc:subfield>
          </marc:datafield>
          <marc:datafield ind1=" " ind2=" " tag="538">
            <marc:subfield code="a">DVD-Video, Dolby surround 5.1.</marc:subfield>
          </marc:datafield>
          <marc:datafield ind1=" " ind2=" " tag="546">
            <marc:subfield code="a">In Cantonese or Mandarin with simplified Chinese, traditional Chinese and English subtitles.</marc:subfield>
          </marc:datafield>
          <marc:datafield ind1=" " ind2="0" tag="650">
            <marc:subfield code="a">Martial arts</marc:subfield>
            <marc:subfield code="v">Drama.</marc:subfield>
          </marc:datafield>
          <marc:datafield ind1=" " ind2="7" tag="655">
            <marc:subfield code="a">Martial arts.</marc:subfield>
            <marc:subfield code="2">migfg</marc:subfield>
          </marc:datafield>
          <marc:datafield ind1=" " ind2="7" tag="655">
            <marc:subfield code="a">Historical.</marc:subfield>
            <marc:subfield code="2">migfg</marc:subfield>
          </marc:datafield>
          <marc:datafield ind1=" " ind2="7" tag="655">
            <marc:subfield code="a">Romance.</marc:subfield>
            <marc:subfield code="2">migfg</marc:subfield>
          </marc:datafield>
          <marc:datafield ind1="1" ind2=" " tag="700">
            <marc:subfield code="a">Liang, Jiahui.</marc:subfield>
            <marc:subfield code="4">act</marc:subfield>
          </marc:datafield>
          <marc:datafield ind1="1" ind2=" " tag="700">
            <marc:subfield code="a">Zhang, Manyu.</marc:subfield>
            <marc:subfield code="4">act</marc:subfield>
          </marc:datafield>
          <marc:datafield ind1="1" ind2=" " tag="700">
            <marc:subfield code="a">Lin, Qingxia.</marc:subfield>
            <marc:subfield code="4">act</marc:subfield>
          </marc:datafield>
          <marc:datafield ind1="1" ind2=" " tag="700">
            <marc:subfield code="a">Li, Huimin.</marc:subfield>
          </marc:datafield>
          <marc:datafield ind1="2" ind2=" " tag="710">
            <marc:subfield code="a">Seasonal Film Corporation.</marc:subfield>
          </marc:datafield>
          <marc:datafield ind1="2" ind2=" " tag="710">
            <marc:subfield code="6">880-04</marc:subfield>
            <marc:subfield code="a">Mei ya lei she ying die you xian gong si.</marc:subfield>
          </marc:datafield>
          <marc:datafield ind1="0" ind2="0" tag="880">
            <marc:subfield code="6">245-01/$1</marc:subfield>
            <marc:subfield code="a">新龍門客栈</marc:subfield>
            <marc:subfield code="h">[videorecording] =</marc:subfield>
            <marc:subfield code="b">Dragon inn /</marc:subfield>
            <marc:subfield code="c">導演李惠民.</marc:subfield>
          </marc:datafield>
          <marc:datafield ind1=" " ind2=" " tag="880">
            <marc:subfield code="6">260-02/$1</marc:subfield>
            <marc:subfield code="a">[香港] :</marc:subfield>
            <marc:subfield code="b">美亞鐳射影碟有限公司,</marc:subfield>
            <marc:subfield code="c">[200-?]</marc:subfield>
          </marc:datafield>
          <marc:datafield ind1="1" ind2=" " tag="880">
            <marc:subfield code="6">511-03/$1</marc:subfield>
            <marc:subfield code="a">梁家辉, 张曼玉, 林青霞, 甄子丹.</marc:subfield>
          </marc:datafield>
          <marc:datafield ind1="2" ind2=" " tag="880">
            <marc:subfield code="6">710-04/$1</marc:subfield>
            <marc:subfield code="a">美亞鐳射影碟有限公司.</marc:subfield>
          </marc:datafield>
          <marc:datafield ind1=" " ind2=" " tag="987">
            <marc:subfield code="a">PINYIN</marc:subfield>
            <marc:subfield code="b">NzAU</marc:subfield>
            <marc:subfield code="d">c</marc:subfield>
          </marc:datafield>
          <marc:datafield ind1=" " ind2=" " tag="994">
            <marc:subfield code="a">C0</marc:subfield>
            <marc:subfield code="b">RRR</marc:subfield>
          </marc:datafield>
          <marc:datafield tag="931" ind1=" " ind2=" ">
            <marc:subfield code="a">Image</marc:subfield>
            <marc:subfield code="5">CHANGE_ME</marc:subfield>
          </marc:datafield>
          <marc:datafield tag="932" ind1=" " ind2=" ">
            <marc:subfield code="a">Projected medium</marc:subfield>
            <marc:subfield code="5">CHANGE_ME</marc:subfield>
          </marc:datafield>
          <marc:datafield tag="935" ind1=" " ind2=" ">
            <marc:subfield code="a">Monograph/Item</marc:subfield>
            <marc:subfield code="5">CHANGE_ME</marc:subfield>
          </marc:datafield>
          <marc:datafield tag="931" ind1=" " ind2=" ">
            <marc:subfield code="a">MovingImage</marc:subfield>
            <marc:subfield code="5">CHANGE_ME</marc:subfield>
          </marc:datafield>
          <marc:datafield tag="933" ind1=" " ind2=" ">
            <marc:subfield code="a">Video recording</marc:subfield>
            <marc:subfield code="5">CHANGE_ME</marc:subfield>
          </marc:datafield>
          <marc:datafield tag="934" ind1=" " ind2=" ">
            <marc:subfield code="a">Videodisc</marc:subfield>
            <marc:subfield code="5">CHANGE_ME</marc:subfield>
          </marc:datafield>
          <marc:datafield tag="941" ind1=" " ind2=" ">
            <marc:subfield code="a">chi</marc:subfield>
            <marc:subfield code="5">CHANGE_ME</marc:subfield>
          </marc:datafield>
          <marc:datafield tag="943" ind1=" " ind2=" ">
            <marc:subfield code="a">Chinese</marc:subfield>
            <marc:subfield code="5">CHANGE_ME</marc:subfield>
          </marc:datafield>
          <marc:datafield tag="945" ind1=" " ind2=" ">
            <marc:subfield code="a">Adult</marc:subfield>
            <marc:subfield code="5">CHANGE_ME</marc:subfield>
          </marc:datafield>
          <marc:datafield tag="035" ind1=" " ind2=" ">
            <marc:subfield code="a">(CHANGE_ME)2901099</marc:subfield>
          </marc:datafield>
          <marc:datafield tag="130" ind1="0" ind2=" ">
            <marc:subfield code="a">Xin long men ke zhan</marc:subfield>
          </marc:datafield>
          <marc:datafield tag="965" ind1=" " ind2="0">
            <marc:subfield code="a">Martial arts</marc:subfield>
            <marc:subfield code="5">CHANGE_ME</marc:subfield>
          </marc:datafield>
          <marc:datafield tag="969" ind1=" " ind2="0">
            <marc:subfield code="v">Drama.</marc:subfield>
            <marc:subfield code="5">CHANGE_ME</marc:subfield>
          </marc:datafield>
        </marc:record>
      </metadata>
    </record>