
    <record>
      <header>
        <identifier>oai:mst.rochester.edu:marcnormalization/81</identifier>
        <datestamp>2011-03-30T15:04:46Z</datestamp>
        <setSpec>MARCXMLbibliographic</setSpec>
        <setSpec>marcnormalization</setSpec>
      </header>
      <metadata>
        <marc:record xmlns:marc="http://www.loc.gov/MARC21/slim" xmlns:xsi="http://www.w3.org/2001/XMLSchema-instance" xsi:schemaLocation="http://www.loc.gov/MARC21/slim http://localhost:8080/OAIToolkit-0.6.10/schema/MARC21slim_custom.xsd">
          <marc:leader>01305cam a2200361Ia 4500</marc:leader>
          <marc:controlfield tag="001">3447458</marc:controlfield>
          <marc:controlfield tag="005">20070911130337.0</marc:controlfield>
          <marc:controlfield tag="008">060214s2005    nyua          000 0 chi d</marc:controlfield>
          <marc:controlfield tag="003">CHANGE_ME</marc:controlfield>
          <marc:datafield ind1=" " ind2=" " tag="020">
            <marc:subfield code="a">1590680227 (pbk.)</marc:subfield>
          </marc:datafield>
          <marc:datafield ind1=" " ind2=" " tag="020">
            <marc:subfield code="a">9781590680223 (pbk.)</marc:subfield>
          </marc:datafield>
          <marc:datafield ind1="3" ind2=" " tag="024">
            <marc:subfield code="a">9781590680223</marc:subfield>
          </marc:datafield>
          <marc:datafield ind1=" " ind2=" " tag="035">
            <marc:subfield code="a">(OCoLC)63787999</marc:subfield>
          </marc:datafield>
          <marc:datafield ind1=" " ind2=" " tag="040">
            <marc:subfield code="a">MLN</marc:subfield>
            <marc:subfield code="c">MLN</marc:subfield>
            <marc:subfield code="d">ZQP</marc:subfield>
          </marc:datafield>
          <marc:datafield ind1=" " ind2=" " tag="049">
            <marc:subfield code="a">RRRR</marc:subfield>
          </marc:datafield>
          <marc:datafield ind1=" " ind2=" " tag="090">
            <marc:subfield code="a">PE1130.C4</marc:subfield>
            <marc:subfield code="b">H455 2005a</marc:subfield>
          </marc:datafield>
          <marc:datafield ind1="0" ind2=" " tag="092">
            <marc:subfield code="a">428.24951</marc:subfield>
            <marc:subfield code="2">22</marc:subfield>
          </marc:datafield>
          <marc:datafield ind1="1" ind2=" " tag="100">
            <marc:subfield code="6">880-01</marc:subfield>
            <marc:subfield code="a">Ding, Hui.</marc:subfield>
            <marc:subfield code="4">aut</marc:subfield>
          </marc:datafield>
          <marc:datafield ind1="1" ind2="0" tag="245">
            <marc:subfield code="6">880-02</marc:subfield>
            <marc:subfield code="a">Hello ni hao :</marc:subfield>
            <marc:subfield code="b">shi yong Ying yu jiao xue.</marc:subfield>
            <marc:subfield code="n">Di er ce /</marc:subfield>
            <marc:subfield code="c">Ding Hui, Li Rende he zhu.</marc:subfield>
          </marc:datafield>
          <marc:datafield ind1="3" ind2="0" tag="246">
            <marc:subfield code="6">880-03</marc:subfield>
            <marc:subfield code="a">Shi yong Ying yu jiao xue</marc:subfield>
          </marc:datafield>
          <marc:datafield ind1=" " ind2=" " tag="250">
            <marc:subfield code="6">880-04</marc:subfield>
            <marc:subfield code="a">Chu ban.</marc:subfield>
          </marc:datafield>
          <marc:datafield ind1=" " ind2=" " tag="260">
            <marc:subfield code="6">880-05</marc:subfield>
            <marc:subfield code="a">New York :</marc:subfield>
            <marc:subfield code="b">Xin tang ren dian shi tai,</marc:subfield>
            <marc:subfield code="c">2005.</marc:subfield>
          </marc:datafield>
          <marc:datafield ind1=" " ind2=" " tag="300">
            <marc:subfield code="a">262 p. :</marc:subfield>
            <marc:subfield code="b">ill. ;</marc:subfield>
            <marc:subfield code="c">21 cm.</marc:subfield>
          </marc:datafield>
          <marc:datafield ind1=" " ind2=" " tag="546">
            <marc:subfield code="a">Chinese and English.</marc:subfield>
          </marc:datafield>
          <marc:datafield ind1=" " ind2="0" tag="650">
            <marc:subfield code="a">English language</marc:subfield>
            <marc:subfield code="x">Study and teaching</marc:subfield>
            <marc:subfield code="x">Chinese speakers.</marc:subfield>
          </marc:datafield>
          <marc:datafield ind1=" " ind2="0" tag="650">
            <marc:subfield code="a">English language</marc:subfield>
            <marc:subfield code="v">Conversation and phrase books</marc:subfield>
            <marc:subfield code="x">Chinese.</marc:subfield>
          </marc:datafield>
          <marc:datafield ind1=" " ind2="0" tag="650">
            <marc:subfield code="a">English language</marc:subfield>
            <marc:subfield code="v">Textbooks for foreign speakers</marc:subfield>
            <marc:subfield code="x">Chinese.</marc:subfield>
          </marc:datafield>
          <marc:datafield ind1="1" ind2=" " tag="700">
            <marc:subfield code="6">880-04</marc:subfield>
            <marc:subfield code="a">Li, Rende.</marc:subfield>
          </marc:datafield>
          <marc:datafield ind1="1" ind2=" " tag="880">
            <marc:subfield code="6">100-01</marc:subfield>
            <marc:subfield code="a">丁慧.</marc:subfield>
            <marc:subfield code="4">aut</marc:subfield>
          </marc:datafield>
          <marc:datafield ind1="1" ind2="0" tag="880">
            <marc:subfield code="6">245-02</marc:subfield>
            <marc:subfield code="a">Hello 你好 :</marc:subfield>
            <marc:subfield code="b">實用 英語教學.</marc:subfield>
            <marc:subfield code="n">第二冊 /</marc:subfield>
            <marc:subfield code="c">丁慧, 李仁德合著.</marc:subfield>
          </marc:datafield>
          <marc:datafield ind1="3" ind2="0" tag="880">
            <marc:subfield code="6">246-03</marc:subfield>
            <marc:subfield code="a">實用 英語教學</marc:subfield>
          </marc:datafield>
          <marc:datafield ind1=" " ind2=" " tag="880">
            <marc:subfield code="6">250-04</marc:subfield>
            <marc:subfield code="a">初版.</marc:subfield>
          </marc:datafield>
          <marc:datafield ind1=" " ind2=" " tag="880">
            <marc:subfield code="6">260-05</marc:subfield>
            <marc:subfield code="a">紐約 :</marc:subfield>
            <marc:subfield code="b">新唐人電視台,</marc:subfield>
            <marc:subfield code="c">2005.</marc:subfield>
          </marc:datafield>
          <marc:datafield ind1=" " ind2=" " tag="994">
            <marc:subfield code="a">C0</marc:subfield>
            <marc:subfield code="b">RRR</marc:subfield>
          </marc:datafield>
          <marc:datafield tag="931" ind1=" " ind2=" ">
            <marc:subfield code="a">Text</marc:subfield>
            <marc:subfield code="5">CHANGE_ME</marc:subfield>
          </marc:datafield>
          <marc:datafield tag="932" ind1=" " ind2=" ">
            <marc:subfield code="a">Language material</marc:subfield>
            <marc:subfield code="5">CHANGE_ME</marc:subfield>
          </marc:datafield>
          <marc:datafield tag="933" ind1=" " ind2=" ">
            <marc:subfield code="a">Text</marc:subfield>
            <marc:subfield code="5">CHANGE_ME</marc:subfield>
          </marc:datafield>
          <marc:datafield tag="935" ind1=" " ind2=" ">
            <marc:subfield code="a">Monograph/Item</marc:subfield>
            <marc:subfield code="5">CHANGE_ME</marc:subfield>
          </marc:datafield>
          <marc:datafield tag="937" ind1=" " ind2=" ">
            <marc:subfield code="a">Non-Fiction</marc:subfield>
            <marc:subfield code="5">CHANGE_ME</marc:subfield>
          </marc:datafield>
          <marc:datafield tag="941" ind1=" " ind2=" ">
            <marc:subfield code="a">chi</marc:subfield>
            <marc:subfield code="5">CHANGE_ME</marc:subfield>
          </marc:datafield>
          <marc:datafield tag="943" ind1=" " ind2=" ">
            <marc:subfield code="a">Chinese</marc:subfield>
            <marc:subfield code="5">CHANGE_ME</marc:subfield>
          </marc:datafield>
          <marc:datafield tag="947" ind1=" " ind2=" ">
            <marc:subfield code="a">1590680227 </marc:subfield>
            <marc:subfield code="5">CHANGE_ME</marc:subfield>
          </marc:datafield>
          <marc:datafield tag="947" ind1=" " ind2=" ">
            <marc:subfield code="a">9781590680223 </marc:subfield>
            <marc:subfield code="5">CHANGE_ME</marc:subfield>
          </marc:datafield>
          <marc:datafield tag="035" ind1=" " ind2=" ">
            <marc:subfield code="a">(CHANGE_ME)3447458</marc:subfield>
          </marc:datafield>
          <marc:datafield tag="240" ind1="0" ind2="0">
            <marc:subfield code="a">Hello ni hao :</marc:subfield>
            <marc:subfield code="n">Di er ce /</marc:subfield>
          </marc:datafield>
          <marc:datafield tag="965" ind1=" " ind2="0">
            <marc:subfield code="a">English language</marc:subfield>
            <marc:subfield code="5">CHANGE_ME</marc:subfield>
          </marc:datafield>
          <marc:datafield tag="965" ind1=" " ind2="0">
            <marc:subfield code="x">Study and teaching</marc:subfield>
            <marc:subfield code="5">CHANGE_ME</marc:subfield>
          </marc:datafield>
          <marc:datafield tag="965" ind1=" " ind2="0">
            <marc:subfield code="x">Chinese speakers.</marc:subfield>
            <marc:subfield code="5">CHANGE_ME</marc:subfield>
          </marc:datafield>
          <marc:datafield tag="965" ind1=" " ind2="0">
            <marc:subfield code="x">Chinese.</marc:subfield>
            <marc:subfield code="5">CHANGE_ME</marc:subfield>
          </marc:datafield>
          <marc:datafield tag="969" ind1=" " ind2="0">
            <marc:subfield code="v">Conversation and phrase books</marc:subfield>
            <marc:subfield code="5">CHANGE_ME</marc:subfield>
          </marc:datafield>
          <marc:datafield tag="969" ind1=" " ind2="0">
            <marc:subfield code="v">Textbooks for foreign speakers</marc:subfield>
            <marc:subfield code="5">CHANGE_ME</marc:subfield>
          </marc:datafield>
        </marc:record>
      </metadata>
    </record>