
    <record>
      <header>
        <identifier>oai:mst.rochester.edu:marcnormalization/82</identifier>
        <datestamp>2011-03-30T15:04:46Z</datestamp>
        <setSpec>MARCXMLbibliographic</setSpec>
        <setSpec>marcnormalization</setSpec>
      </header>
      <metadata>
        <marc:record xmlns:marc="http://www.loc.gov/MARC21/slim" xmlns:xsi="http://www.w3.org/2001/XMLSchema-instance" xsi:schemaLocation="http://www.loc.gov/MARC21/slim http://localhost:8080/OAIToolkit-0.6.10/schema/MARC21slim_custom.xsd">
          <marc:leader>01890cam a2200433Ia 4500</marc:leader>
          <marc:controlfield tag="001">2672482</marc:controlfield>
          <marc:controlfield tag="005">20090211092321.0</marc:controlfield>
          <marc:controlfield tag="008">040921s2004    cc            000 1 chi d</marc:controlfield>
          <marc:controlfield tag="003">CHANGE_ME</marc:controlfield>
          <marc:datafield ind1=" " ind2=" " tag="020">
            <marc:subfield code="a">9629961105</marc:subfield>
          </marc:datafield>
          <marc:datafield ind1="7" ind2=" " tag="024">
            <marc:subfield code="a">99808590423</marc:subfield>
            <marc:subfield code="2">YBP</marc:subfield>
          </marc:datafield>
          <marc:datafield ind1=" " ind2=" " tag="035">
            <marc:subfield code="a">(OCoLC)54363352</marc:subfield>
          </marc:datafield>
          <marc:datafield ind1=" " ind2=" " tag="035">
            <marc:subfield code="a">2672482</marc:subfield>
          </marc:datafield>
          <marc:datafield ind1=" " ind2=" " tag="040">
            <marc:subfield code="a">HNK</marc:subfield>
            <marc:subfield code="c">HNK</marc:subfield>
            <marc:subfield code="d">CUI</marc:subfield>
            <marc:subfield code="d">IUL</marc:subfield>
          </marc:datafield>
          <marc:datafield ind1="1" ind2=" " tag="041">
            <marc:subfield code="a">eng</marc:subfield>
            <marc:subfield code="a">chi</marc:subfield>
            <marc:subfield code="h">chi</marc:subfield>
          </marc:datafield>
          <marc:datafield ind1=" " ind2=" " tag="049">
            <marc:subfield code="a">RRRR</marc:subfield>
          </marc:datafield>
          <marc:datafield ind1=" " ind2=" " tag="066">
            <marc:subfield code="c">$1</marc:subfield>
          </marc:datafield>
          <marc:datafield ind1=" " ind2=" " tag="090">
            <marc:subfield code="a">PL2801.N18</marc:subfield>
            <marc:subfield code="b">A6 2004</marc:subfield>
          </marc:datafield>
          <marc:datafield ind1="1" ind2=" " tag="100">
            <marc:subfield code="6">880-01</marc:subfield>
            <marc:subfield code="a">Shen, Congwen,</marc:subfield>
            <marc:subfield code="d">1902-1988.</marc:subfield>
            <marc:subfield code="4">aut</marc:subfield>
          </marc:datafield>
          <marc:datafield ind1="1" ind2="0" tag="240">
            <marc:subfield code="a">Short stories.</marc:subfield>
            <marc:subfield code="l">English &amp; Chinese.</marc:subfield>
            <marc:subfield code="k">Selections</marc:subfield>
          </marc:datafield>
          <marc:datafield ind1="1" ind2="0" tag="245">
            <marc:subfield code="6">880-02</marc:subfield>
            <marc:subfield code="a">Shen Congwen duan pian xiao shuo xuan /</marc:subfield>
            <marc:subfield code="c">Shen Congwen zhu ; Jin Jiefu Ying yi = Selected stories of Shen Congwen / original Chinese text by Shen Congwen ; translated by Jeffrey C. Kinkley.</marc:subfield>
          </marc:datafield>
          <marc:datafield ind1="3" ind2="1" tag="246">
            <marc:subfield code="a">Selected stories of Shen Congwen</marc:subfield>
          </marc:datafield>
          <marc:datafield ind1=" " ind2=" " tag="250">
            <marc:subfield code="6">880-03</marc:subfield>
            <marc:subfield code="a">Zhong Ying dui zhao ban.</marc:subfield>
          </marc:datafield>
          <marc:datafield ind1=" " ind2=" " tag="260">
            <marc:subfield code="a">Hong Kong :</marc:subfield>
            <marc:subfield code="b">The Chinese University Press,</marc:subfield>
            <marc:subfield code="c">2004.</marc:subfield>
          </marc:datafield>
          <marc:datafield ind1=" " ind2=" " tag="300">
            <marc:subfield code="a">xxxvii, 321 p. ;</marc:subfield>
            <marc:subfield code="c">22 cm.</marc:subfield>
          </marc:datafield>
          <marc:datafield ind1="1" ind2=" " tag="490">
            <marc:subfield code="6">880-04</marc:subfield>
            <marc:subfield code="a">Zhongguo xian dai wen xue Zhong Ying dui zhao xi lie = Bilingual series on modern Chinese literature</marc:subfield>
          </marc:datafield>
          <marc:datafield ind1="1" ind2="0" tag="600">
            <marc:subfield code="6">880-05</marc:subfield>
            <marc:subfield code="a">Shen, Congwen,</marc:subfield>
            <marc:subfield code="d">1902-1988.</marc:subfield>
          </marc:datafield>
          <marc:datafield ind1="1" ind2=" " tag="700">
            <marc:subfield code="a">Kinkley, Jeffrey C.,</marc:subfield>
            <marc:subfield code="d">1948-</marc:subfield>
          </marc:datafield>
          <marc:datafield ind1=" " ind2="0" tag="830">
            <marc:subfield code="6">880-06</marc:subfield>
            <marc:subfield code="a">Zhongguo xian dai wen xue Zhong Ying dui zhao xi lie.</marc:subfield>
          </marc:datafield>
          <marc:datafield ind1="1" ind2=" " tag="880">
            <marc:subfield code="6">100-01/$1</marc:subfield>
            <marc:subfield code="a">沈從文,</marc:subfield>
            <marc:subfield code="d">1902-</marc:subfield>
            <marc:subfield code="4">aut</marc:subfield>
          </marc:datafield>
          <marc:datafield ind1="1" ind2="0" tag="880">
            <marc:subfield code="6">245-02/$1</marc:subfield>
            <marc:subfield code="a">沈從文短篇小說選 /</marc:subfield>
            <marc:subfield code="c">沈從文著 ; 金介甫英譯 = Selected stories of Shen Congwen / original Chinese text by Shen Congwen ; translated by Jeffrey C. Kinkley.</marc:subfield>
          </marc:datafield>
          <marc:datafield ind1=" " ind2=" " tag="880">
            <marc:subfield code="6">250-03/$1</marc:subfield>
            <marc:subfield code="a">中英對照版.</marc:subfield>
          </marc:datafield>
          <marc:datafield ind1="1" ind2=" " tag="880">
            <marc:subfield code="6">490-04/$1</marc:subfield>
            <marc:subfield code="a">中國現代文學中英對照系列 = Bilingual series on modern Chinese literature</marc:subfield>
          </marc:datafield>
          <marc:datafield ind1="1" ind2="4" tag="880">
            <marc:subfield code="6">600-05/$1</marc:subfield>
            <marc:subfield code="a">沈從文,</marc:subfield>
            <marc:subfield code="d">1902-</marc:subfield>
          </marc:datafield>
          <marc:datafield ind1=" " ind2="0" tag="880">
            <marc:subfield code="6">830-06/$1</marc:subfield>
            <marc:subfield code="a">中國現代文學中英對照系列.</marc:subfield>
          </marc:datafield>
          <marc:datafield ind1=" " ind2=" " tag="949">
            <marc:subfield code="b">39087027212911</marc:subfield>
          </marc:datafield>
          <marc:datafield ind1=" " ind2=" " tag="980">
            <marc:subfield code="a">2004-10-06</marc:subfield>
            <marc:subfield code="b">17.5</marc:subfield>
            <marc:subfield code="e">14.7</marc:subfield>
            <marc:subfield code="f">462408</marc:subfield>
            <marc:subfield code="g">1</marc:subfield>
          </marc:datafield>
          <marc:datafield ind1=" " ind2=" " tag="987">
            <marc:subfield code="a">PINYIN</marc:subfield>
            <marc:subfield code="b">HkUST</marc:subfield>
            <marc:subfield code="d">c</marc:subfield>
          </marc:datafield>
          <marc:datafield ind1=" " ind2=" " tag="994">
            <marc:subfield code="a">92</marc:subfield>
            <marc:subfield code="b">RRR</marc:subfield>
          </marc:datafield>
          <marc:datafield tag="931" ind1=" " ind2=" ">
            <marc:subfield code="a">Text</marc:subfield>
            <marc:subfield code="5">CHANGE_ME</marc:subfield>
          </marc:datafield>
          <marc:datafield tag="932" ind1=" " ind2=" ">
            <marc:subfield code="a">Language material</marc:subfield>
            <marc:subfield code="5">CHANGE_ME</marc:subfield>
          </marc:datafield>
          <marc:datafield tag="933" ind1=" " ind2=" ">
            <marc:subfield code="a">Text</marc:subfield>
            <marc:subfield code="5">CHANGE_ME</marc:subfield>
          </marc:datafield>
          <marc:datafield tag="935" ind1=" " ind2=" ">
            <marc:subfield code="a">Monograph/Item</marc:subfield>
            <marc:subfield code="5">CHANGE_ME</marc:subfield>
          </marc:datafield>
          <marc:datafield tag="937" ind1=" " ind2=" ">
            <marc:subfield code="a">Fiction</marc:subfield>
            <marc:subfield code="5">CHANGE_ME</marc:subfield>
          </marc:datafield>
          <marc:datafield tag="941" ind1=" " ind2=" ">
            <marc:subfield code="a">chi</marc:subfield>
            <marc:subfield code="5">CHANGE_ME</marc:subfield>
          </marc:datafield>
          <marc:datafield tag="941" ind1=" " ind2=" ">
            <marc:subfield code="a">eng</marc:subfield>
            <marc:subfield code="5">CHANGE_ME</marc:subfield>
          </marc:datafield>
          <marc:datafield tag="943" ind1=" " ind2=" ">
            <marc:subfield code="a">Chinese</marc:subfield>
            <marc:subfield code="5">CHANGE_ME</marc:subfield>
          </marc:datafield>
          <marc:datafield tag="943" ind1=" " ind2=" ">
            <marc:subfield code="a">English</marc:subfield>
            <marc:subfield code="5">CHANGE_ME</marc:subfield>
          </marc:datafield>
          <marc:datafield tag="947" ind1=" " ind2=" ">
            <marc:subfield code="a">9629961105</marc:subfield>
            <marc:subfield code="5">CHANGE_ME</marc:subfield>
          </marc:datafield>
          <marc:datafield tag="035" ind1=" " ind2=" ">
            <marc:subfield code="a">(CHANGE_ME)2672482</marc:subfield>
          </marc:datafield>
        </marc:record>
      </metadata>
    </record>