
    <record>
      <header>
        <identifier>oai:mst.rochester.edu:marcnormalization/83</identifier>
        <datestamp>2011-03-30T15:04:46Z</datestamp>
        <setSpec>MARCXMLbibliographic</setSpec>
        <setSpec>marcnormalization</setSpec>
      </header>
      <metadata>
        <marc:record xmlns:marc="http://www.loc.gov/MARC21/slim" xmlns:xsi="http://www.w3.org/2001/XMLSchema-instance" xsi:schemaLocation="http://www.loc.gov/MARC21/slim http://localhost:8080/OAIToolkit-0.6.10/schema/MARC21slim_custom.xsd">
          <marc:leader>03937cgm a2200769Ia 4500</marc:leader>
          <marc:controlfield tag="001">2867935</marc:controlfield>
          <marc:controlfield tag="005">20051011101959.0</marc:controlfield>
          <marc:controlfield tag="007">vd cva-zs</marc:controlfield>
          <marc:controlfield tag="003">CHANGE_ME</marc:controlfield>
          <marc:controlfield tag="008">050125s2004    cc 117 g          vlchi d</marc:controlfield>
          <marc:datafield ind1=" " ind2=" " tag="020">
            <marc:subfield code="a">788070762X</marc:subfield>
          </marc:datafield>
          <marc:datafield ind1="0" ind2=" " tag="024">
            <marc:subfield code="a">CNA650401890</marc:subfield>
            <marc:subfield code="d">V.J9</marc:subfield>
          </marc:datafield>
          <marc:datafield ind1="4" ind2="2" tag="028">
            <marc:subfield code="a">MDA10056T</marc:subfield>
            <marc:subfield code="b">Zhong kai wen hua</marc:subfield>
          </marc:datafield>
          <marc:datafield ind1=" " ind2=" " tag="035">
            <marc:subfield code="a">(OCoLC)57775370</marc:subfield>
          </marc:datafield>
          <marc:datafield ind1=" " ind2=" " tag="035">
            <marc:subfield code="a">2867935</marc:subfield>
          </marc:datafield>
          <marc:datafield ind1=" " ind2=" " tag="040">
            <marc:subfield code="a">MLN</marc:subfield>
            <marc:subfield code="c">MLN</marc:subfield>
            <marc:subfield code="d">WAU</marc:subfield>
          </marc:datafield>
          <marc:datafield ind1=" " ind2=" " tag="049">
            <marc:subfield code="a">RRRR</marc:subfield>
          </marc:datafield>
          <marc:datafield ind1=" " ind2=" " tag="066">
            <marc:subfield code="c">$1</marc:subfield>
          </marc:datafield>
          <marc:datafield ind1=" " ind2=" " tag="090">
            <marc:subfield code="a">PN1995.91.C5</marc:subfield>
            <marc:subfield code="b">S54 2004</marc:subfield>
          </marc:datafield>
          <marc:datafield ind1="0" ind2="0" tag="245">
            <marc:subfield code="6">880-01</marc:subfield>
            <marc:subfield code="a">Shi mian mai fu</marc:subfield>
            <marc:subfield code="h">[videorecording] =</marc:subfield>
            <marc:subfield code="b">House of flying daggers /</marc:subfield>
            <marc:subfield code="c">Xin hua mian ying ye you xian gong si, Jing ying ji tuan (2003) qi ye you xian gong si lian he chu pin ; bian ju, Li Feng, Zhang Yimou, Wang Bin ; jian zhi, zhi pian ren, Jiang Zhiqiang, Zhang Yimou ; dao yan, Zhang Yimou.</marc:subfield>
          </marc:datafield>
          <marc:datafield ind1="3" ind2="1" tag="246">
            <marc:subfield code="a">House of flying daggers</marc:subfield>
          </marc:datafield>
          <marc:datafield ind1=" " ind2=" " tag="260">
            <marc:subfield code="6">880-02</marc:subfield>
            <marc:subfield code="a">Guangzhou :</marc:subfield>
            <marc:subfield code="b">Jiu zhou yin xiang chu ban gong si chu ban fa xing :</marc:subfield>
            <marc:subfield code="b">Zhong kai wen hua,</marc:subfield>
            <marc:subfield code="c">[2004]</marc:subfield>
          </marc:datafield>
          <marc:datafield ind1=" " ind2=" " tag="300">
            <marc:subfield code="a">1 videodisc (117 min) :</marc:subfield>
            <marc:subfield code="b">sd, col. ;</marc:subfield>
            <marc:subfield code="c">4 3/4 in.</marc:subfield>
          </marc:datafield>
          <marc:datafield ind1=" " ind2=" " tag="500">
            <marc:subfield code="6">880-06</marc:subfield>
            <marc:subfield code="a">Originally released as a motion picture in 2004.</marc:subfield>
          </marc:datafield>
          <marc:datafield ind1=" " ind2=" " tag="508">
            <marc:subfield code="6">880-05</marc:subfield>
            <marc:subfield code="a">Zuo qu, Mei Linmao ; she ying, Zhao Xiaoding ; jian ji, Cheng Long ; dong zuo dao yan, Cheng Xiaodong.</marc:subfield>
          </marc:datafield>
          <marc:datafield ind1="1" ind2=" " tag="511">
            <marc:subfield code="6">880-04</marc:subfield>
            <marc:subfield code="a">Jin Chengwu, Liu Dehua, Zhang Ziyi.</marc:subfield>
          </marc:datafield>
          <marc:datafield ind1=" " ind2=" " tag="520">
            <marc:subfield code="a">Near the end of the Tang Dynasty, police deputies Jin (Kaneshiro) and Leo (Lau) tangle with Mei (Zhang), a dancer suspected of having ties to a revolutionary faction known as the House of Flying Daggers. Enraptured by her, the deputies concoct a plan to save her from capture, and Jin leads her north in what becomes a perilous journey into the unknown.</marc:subfield>
          </marc:datafield>
          <marc:datafield ind1=" " ind2=" " tag="538">
            <marc:subfield code="a">DVD.</marc:subfield>
          </marc:datafield>
          <marc:datafield ind1=" " ind2=" " tag="546">
            <marc:subfield code="6">880-03</marc:subfield>
            <marc:subfield code="a">In Mandarin, with Chinese and English subtitles.</marc:subfield>
          </marc:datafield>
          <marc:datafield ind1=" " ind2=" " tag="586">
            <marc:subfield code="6">880-07</marc:subfield>
            <marc:subfield code="a">Kang cheng ying zhan chan zhan zuo pin.</marc:subfield>
          </marc:datafield>
          <marc:datafield ind1=" " ind2="0" tag="650">
            <marc:subfield code="a">Triangles (Interpersonal relations)</marc:subfield>
            <marc:subfield code="z">China</marc:subfield>
            <marc:subfield code="v">Drama.</marc:subfield>
          </marc:datafield>
          <marc:datafield ind1=" " ind2="0" tag="650">
            <marc:subfield code="a">Secret societies</marc:subfield>
            <marc:subfield code="z">China</marc:subfield>
            <marc:subfield code="v">Drama.</marc:subfield>
          </marc:datafield>
          <marc:datafield ind1=" " ind2="7" tag="655">
            <marc:subfield code="a">Martial arts.</marc:subfield>
            <marc:subfield code="2">migfg</marc:subfield>
          </marc:datafield>
          <marc:datafield ind1=" " ind2="7" tag="655">
            <marc:subfield code="a">Romance.</marc:subfield>
            <marc:subfield code="2">migfg</marc:subfield>
          </marc:datafield>
          <marc:datafield ind1="1" ind2=" " tag="700">
            <marc:subfield code="6">880-08</marc:subfield>
            <marc:subfield code="a">Li, Feng.</marc:subfield>
            <marc:subfield code="4">aus</marc:subfield>
          </marc:datafield>
          <marc:datafield ind1="1" ind2=" " tag="700">
            <marc:subfield code="6">880-09</marc:subfield>
            <marc:subfield code="a">Zhang, Yimou.</marc:subfield>
            <marc:subfield code="4">aus</marc:subfield>
            <marc:subfield code="4">pro</marc:subfield>
            <marc:subfield code="4">drt</marc:subfield>
          </marc:datafield>
          <marc:datafield ind1="1" ind2=" " tag="700">
            <marc:subfield code="6">880-10</marc:subfield>
            <marc:subfield code="a">Wang, Bin.</marc:subfield>
            <marc:subfield code="4">aus</marc:subfield>
          </marc:datafield>
          <marc:datafield ind1="1" ind2=" " tag="700">
            <marc:subfield code="6">880-11</marc:subfield>
            <marc:subfield code="a">Jiang, Zhiqiang.</marc:subfield>
            <marc:subfield code="4">pro</marc:subfield>
          </marc:datafield>
          <marc:datafield ind1="1" ind2=" " tag="700">
            <marc:subfield code="6">880-12</marc:subfield>
            <marc:subfield code="a">Cheng, Xiaodong,</marc:subfield>
            <marc:subfield code="d">1953-</marc:subfield>
            <marc:subfield code="4">chr</marc:subfield>
          </marc:datafield>
          <marc:datafield ind1="1" ind2=" " tag="700">
            <marc:subfield code="6">880-13</marc:subfield>
            <marc:subfield code="a">Kaneshiro, Takeshi.</marc:subfield>
            <marc:subfield code="4">act</marc:subfield>
          </marc:datafield>
          <marc:datafield ind1="1" ind2=" " tag="700">
            <marc:subfield code="6">880-14</marc:subfield>
            <marc:subfield code="a">Lau, Andy,</marc:subfield>
            <marc:subfield code="d">1961-</marc:subfield>
            <marc:subfield code="4">act</marc:subfield>
          </marc:datafield>
          <marc:datafield ind1="1" ind2=" " tag="700">
            <marc:subfield code="6">880-15</marc:subfield>
            <marc:subfield code="a">Zhang, Ziyi,</marc:subfield>
            <marc:subfield code="d">1979-</marc:subfield>
            <marc:subfield code="4">act</marc:subfield>
          </marc:datafield>
          <marc:datafield ind1="2" ind2=" " tag="710">
            <marc:subfield code="6">880-16</marc:subfield>
            <marc:subfield code="a">Beijing xin hua mian ying ye you xian gong si.</marc:subfield>
          </marc:datafield>
          <marc:datafield ind1="2" ind2=" " tag="710">
            <marc:subfield code="6">880-17</marc:subfield>
            <marc:subfield code="a">Jing ying ji tuan (2003) qi ye you xian gong si.</marc:subfield>
          </marc:datafield>
          <marc:datafield ind1="2" ind2=" " tag="710">
            <marc:subfield code="6">880-18</marc:subfield>
            <marc:subfield code="a">Jiu zhou yin xiang chu ban gong si.</marc:subfield>
          </marc:datafield>
          <marc:datafield ind1="2" ind2=" " tag="710">
            <marc:subfield code="6">880-19</marc:subfield>
            <marc:subfield code="a">Zhong kai wen hua.</marc:subfield>
          </marc:datafield>
          <marc:datafield ind1="0" ind2="0" tag="880">
            <marc:subfield code="6">245-01/$1</marc:subfield>
            <marc:subfield code="a">十面埋伏</marc:subfield>
            <marc:subfield code="h">[videorecording] =</marc:subfield>
            <marc:subfield code="b">House of flying daggers /</marc:subfield>
            <marc:subfield code="c">新画面影业有限公司, 精英集团(2003)企业有限公司联合出品 ; 编剧, 李冯, 张艺谋, 王斌 ; 监制, 制片人, 张伟平, 江志强, 张艺谋 ; 导演, 张艺谋.</marc:subfield>
          </marc:datafield>
          <marc:datafield ind1=" " ind2=" " tag="880">
            <marc:subfield code="6">260-02/$1</marc:subfield>
            <marc:subfield code="a">广州 :</marc:subfield>
            <marc:subfield code="b">九州音像出版公司出版发行 :</marc:subfield>
            <marc:subfield code="b">中凱文化,</marc:subfield>
            <marc:subfield code="c">[2004]</marc:subfield>
          </marc:datafield>
          <marc:datafield ind1=" " ind2=" " tag="880">
            <marc:subfield code="6">546-03/$1</marc:subfield>
            <marc:subfield code="a">普通话对白 ; 中文或英文字幕.</marc:subfield>
          </marc:datafield>
          <marc:datafield ind1="1" ind2=" " tag="880">
            <marc:subfield code="6">511-04/$1</marc:subfield>
            <marc:subfield code="a">金城武, 刘德华, 章子怡.</marc:subfield>
          </marc:datafield>
          <marc:datafield ind1=" " ind2=" " tag="880">
            <marc:subfield code="6">508-05/$1</marc:subfield>
            <marc:subfield code="a">作曲, 梅林茂 ; 攝影, 赵小丁 ; 剪辑, 程瓏 ; 动作导演, 程小东.</marc:subfield>
          </marc:datafield>
          <marc:datafield ind1=" " ind2=" " tag="880">
            <marc:subfield code="6">500-06/$1</marc:subfield>
            <marc:subfield code="a">原为2004年发行电影.</marc:subfield>
          </marc:datafield>
          <marc:datafield ind1=" " ind2=" " tag="880">
            <marc:subfield code="6">586-07/$1</marc:subfield>
            <marc:subfield code="a">康城影展参展作品.</marc:subfield>
          </marc:datafield>
          <marc:datafield ind1="1" ind2=" " tag="880">
            <marc:subfield code="6">700-08/$1</marc:subfield>
            <marc:subfield code="a">李冯.</marc:subfield>
            <marc:subfield code="4">aus</marc:subfield>
          </marc:datafield>
          <marc:datafield ind1="1" ind2=" " tag="880">
            <marc:subfield code="6">700-09/$1</marc:subfield>
            <marc:subfield code="a">张艺谋.</marc:subfield>
            <marc:subfield code="4">aus</marc:subfield>
            <marc:subfield code="4">pro</marc:subfield>
            <marc:subfield code="4">drt</marc:subfield>
          </marc:datafield>
          <marc:datafield ind1="1" ind2=" " tag="880">
            <marc:subfield code="6">700-10/$1</marc:subfield>
            <marc:subfield code="a">王斌.</marc:subfield>
            <marc:subfield code="4">aus</marc:subfield>
          </marc:datafield>
          <marc:datafield ind1="1" ind2=" " tag="880">
            <marc:subfield code="6">700-11/$1</marc:subfield>
            <marc:subfield code="a">张伟平.</marc:subfield>
            <marc:subfield code="4">pro</marc:subfield>
          </marc:datafield>
          <marc:datafield ind1="1" ind2=" " tag="880">
            <marc:subfield code="6">700-12/$1</marc:subfield>
            <marc:subfield code="a">程小东,</marc:subfield>
            <marc:subfield code="d">1953-</marc:subfield>
            <marc:subfield code="4">chr</marc:subfield>
          </marc:datafield>
          <marc:datafield ind1="1" ind2=" " tag="880">
            <marc:subfield code="6">700-13/$1</marc:subfield>
            <marc:subfield code="a">金城武.</marc:subfield>
            <marc:subfield code="4">act</marc:subfield>
          </marc:datafield>
          <marc:datafield ind1="1" ind2=" " tag="880">
            <marc:subfield code="6">700-14/$1</marc:subfield>
            <marc:subfield code="a">刘德华,</marc:subfield>
            <marc:subfield code="d">1961-</marc:subfield>
            <marc:subfield code="4">act</marc:subfield>
          </marc:datafield>
          <marc:datafield ind1="1" ind2=" " tag="880">
            <marc:subfield code="6">700-15/$1</marc:subfield>
            <marc:subfield code="a">章子怡,</marc:subfield>
            <marc:subfield code="d">1979-</marc:subfield>
            <marc:subfield code="4">act</marc:subfield>
          </marc:datafield>
          <marc:datafield ind1="2" ind2=" " tag="880">
            <marc:subfield code="6">710-16/$1</marc:subfield>
            <marc:subfield code="a">北京新画面影业有限公司.</marc:subfield>
          </marc:datafield>
          <marc:datafield ind1="2" ind2=" " tag="880">
            <marc:subfield code="6">710-17/$1</marc:subfield>
            <marc:subfield code="a">精英集团(2003)企业有限公司.</marc:subfield>
          </marc:datafield>
          <marc:datafield ind1="2" ind2=" " tag="880">
            <marc:subfield code="6">710-18/$1</marc:subfield>
            <marc:subfield code="a">九州音像出版公司.</marc:subfield>
          </marc:datafield>
          <marc:datafield ind1="2" ind2=" " tag="880">
            <marc:subfield code="6">710-19/$1</marc:subfield>
            <marc:subfield code="a">中凱文化.</marc:subfield>
          </marc:datafield>
          <marc:datafield ind1=" " ind2=" " tag="987">
            <marc:subfield code="a">PINYIN</marc:subfield>
            <marc:subfield code="b">CSj</marc:subfield>
            <marc:subfield code="d">c</marc:subfield>
          </marc:datafield>
          <marc:datafield ind1=" " ind2=" " tag="994">
            <marc:subfield code="a">C0</marc:subfield>
            <marc:subfield code="b">RRR</marc:subfield>
          </marc:datafield>
          <marc:datafield tag="931" ind1=" " ind2=" ">
            <marc:subfield code="a">Image</marc:subfield>
            <marc:subfield code="5">CHANGE_ME</marc:subfield>
          </marc:datafield>
          <marc:datafield tag="932" ind1=" " ind2=" ">
            <marc:subfield code="a">Projected medium</marc:subfield>
            <marc:subfield code="5">CHANGE_ME</marc:subfield>
          </marc:datafield>
          <marc:datafield tag="935" ind1=" " ind2=" ">
            <marc:subfield code="a">Monograph/Item</marc:subfield>
            <marc:subfield code="5">CHANGE_ME</marc:subfield>
          </marc:datafield>
          <marc:datafield tag="931" ind1=" " ind2=" ">
            <marc:subfield code="a">MovingImage</marc:subfield>
            <marc:subfield code="5">CHANGE_ME</marc:subfield>
          </marc:datafield>
          <marc:datafield tag="933" ind1=" " ind2=" ">
            <marc:subfield code="a">Video recording</marc:subfield>
            <marc:subfield code="5">CHANGE_ME</marc:subfield>
          </marc:datafield>
          <marc:datafield tag="934" ind1=" " ind2=" ">
            <marc:subfield code="a">Videodisc</marc:subfield>
            <marc:subfield code="5">CHANGE_ME</marc:subfield>
          </marc:datafield>
          <marc:datafield tag="941" ind1=" " ind2=" ">
            <marc:subfield code="a">chi</marc:subfield>
            <marc:subfield code="5">CHANGE_ME</marc:subfield>
          </marc:datafield>
          <marc:datafield tag="943" ind1=" " ind2=" ">
            <marc:subfield code="a">Chinese</marc:subfield>
            <marc:subfield code="5">CHANGE_ME</marc:subfield>
          </marc:datafield>
          <marc:datafield tag="945" ind1=" " ind2=" ">
            <marc:subfield code="a">General</marc:subfield>
            <marc:subfield code="5">CHANGE_ME</marc:subfield>
          </marc:datafield>
          <marc:datafield tag="947" ind1=" " ind2=" ">
            <marc:subfield code="a">788070762X</marc:subfield>
            <marc:subfield code="5">CHANGE_ME</marc:subfield>
          </marc:datafield>
          <marc:datafield tag="035" ind1=" " ind2=" ">
            <marc:subfield code="a">(CHANGE_ME)2867935</marc:subfield>
          </marc:datafield>
          <marc:datafield tag="130" ind1="0" ind2=" ">
            <marc:subfield code="a">Shi mian mai fu</marc:subfield>
          </marc:datafield>
          <marc:datafield tag="965" ind1=" " ind2="0">
            <marc:subfield code="a">Triangles (Interpersonal relations)</marc:subfield>
            <marc:subfield code="5">CHANGE_ME</marc:subfield>
          </marc:datafield>
          <marc:datafield tag="965" ind1=" " ind2="0">
            <marc:subfield code="a">Secret societies</marc:subfield>
            <marc:subfield code="5">CHANGE_ME</marc:subfield>
          </marc:datafield>
          <marc:datafield tag="967" ind1=" " ind2="0">
            <marc:subfield code="z">China</marc:subfield>
            <marc:subfield code="5">CHANGE_ME</marc:subfield>
          </marc:datafield>
          <marc:datafield tag="969" ind1=" " ind2="0">
            <marc:subfield code="v">Drama.</marc:subfield>
            <marc:subfield code="5">CHANGE_ME</marc:subfield>
          </marc:datafield>
        </marc:record>
      </metadata>
    </record>