
    <record>
      <header>
        <identifier>oai:mst.rochester.edu:marcnormalization/84</identifier>
        <datestamp>2011-03-30T15:04:46Z</datestamp>
        <setSpec>MARCXMLbibliographic</setSpec>
        <setSpec>marcnormalization</setSpec>
      </header>
      <metadata>
        <marc:record xmlns:marc="http://www.loc.gov/MARC21/slim" xmlns:xsi="http://www.w3.org/2001/XMLSchema-instance" xsi:schemaLocation="http://www.loc.gov/MARC21/slim http://localhost:8080/OAIToolkit-0.6.10/schema/MARC21slim_custom.xsd">
          <marc:leader>02222cam a2200469 a 4500</marc:leader>
          <marc:controlfield tag="001">4570846</marc:controlfield>
          <marc:controlfield tag="005">20101206141827.0</marc:controlfield>
          <marc:controlfield tag="008">100902s2010    ja       b   f100 0 jpn c</marc:controlfield>
          <marc:controlfield tag="003">CHANGE_ME</marc:controlfield>
          <marc:datafield ind1="1" ind2=" " tag="029">
            <marc:subfield code="a">AU@</marc:subfield>
            <marc:subfield code="b">000045997111</marc:subfield>
          </marc:datafield>
          <marc:datafield ind1=" " ind2=" " tag="035">
            <marc:subfield code="a">(OCoLC)660163242</marc:subfield>
          </marc:datafield>
          <marc:datafield ind1=" " ind2=" " tag="040">
            <marc:subfield code="a">IUL</marc:subfield>
            <marc:subfield code="c">IUL</marc:subfield>
            <marc:subfield code="d">UMC</marc:subfield>
            <marc:subfield code="d">RRR</marc:subfield>
          </marc:datafield>
          <marc:datafield ind1="0" ind2=" " tag="041">
            <marc:subfield code="a">jpn</marc:subfield>
            <marc:subfield code="a">chi</marc:subfield>
            <marc:subfield code="a">kor</marc:subfield>
            <marc:subfield code="a">eng</marc:subfield>
          </marc:datafield>
          <marc:datafield ind1=" " ind2=" " tag="042">
            <marc:subfield code="a">pcc</marc:subfield>
          </marc:datafield>
          <marc:datafield ind1=" " ind2=" " tag="043">
            <marc:subfield code="a">ae-----</marc:subfield>
          </marc:datafield>
          <marc:datafield ind1=" " ind2=" " tag="049">
            <marc:subfield code="a">RRRR</marc:subfield>
          </marc:datafield>
          <marc:datafield ind1=" " ind2="4" tag="050">
            <marc:subfield code="a">DS509.3</marc:subfield>
            <marc:subfield code="b">.K65 2010</marc:subfield>
          </marc:datafield>
          <marc:datafield ind1="2" ind2=" " tag="111">
            <marc:subfield code="6">880-01</marc:subfield>
            <marc:subfield code="a">Kokusai Kenkyū Shūkai "Higashi Ajia Kindai ni okeru Gainen to Chi no Saihensei"</marc:subfield>
            <marc:subfield code="d">(2008 :</marc:subfield>
            <marc:subfield code="c">Kyoto, Japan)</marc:subfield>
            <marc:subfield code="4">aut</marc:subfield>
          </marc:datafield>
          <marc:datafield ind1="1" ind2="0" tag="245">
            <marc:subfield code="6">880-02</marc:subfield>
            <marc:subfield code="a">Higashi Ajia kindai ni okeru gainen to chi no saihensei =</marc:subfield>
            <marc:subfield code="b">The reformulation of concepts and intellectual systems in modern East Asia /</marc:subfield>
            <marc:subfield code="c">Suzuki Sadami, Ryū Kenki hen.</marc:subfield>
          </marc:datafield>
          <marc:datafield ind1="3" ind2="1" tag="246">
            <marc:subfield code="a">Reformulation of concepts and intellectual systems in modern East Asia</marc:subfield>
          </marc:datafield>
          <marc:datafield ind1=" " ind2=" " tag="260">
            <marc:subfield code="6">880-03</marc:subfield>
            <marc:subfield code="a">Kyōto-shi :</marc:subfield>
            <marc:subfield code="b">Kokusai Nihon Bunka Kenkyū Sentā,</marc:subfield>
            <marc:subfield code="c">c2010.</marc:subfield>
          </marc:datafield>
          <marc:datafield ind1=" " ind2=" " tag="300">
            <marc:subfield code="a">v, 371 p. ;</marc:subfield>
            <marc:subfield code="c">26 cm.</marc:subfield>
          </marc:datafield>
          <marc:datafield ind1="1" ind2=" " tag="490">
            <marc:subfield code="a">International symposium ;</marc:subfield>
            <marc:subfield code="v">no. 35</marc:subfield>
          </marc:datafield>
          <marc:datafield ind1="1" ind2=" " tag="490">
            <marc:subfield code="6">880-04</marc:subfield>
            <marc:subfield code="a">Kokusai shinpojūmu ;</marc:subfield>
            <marc:subfield code="v">35</marc:subfield>
          </marc:datafield>
          <marc:datafield ind1=" " ind2=" " tag="500">
            <marc:subfield code="a">Proceedings of a conference held at Kokusai Nihon Bunka Kenkyū Sentā, Nov. 17-20, 2008.</marc:subfield>
          </marc:datafield>
          <marc:datafield ind1=" " ind2=" " tag="504">
            <marc:subfield code="a">Includes bibliographical references.</marc:subfield>
          </marc:datafield>
          <marc:datafield ind1=" " ind2=" " tag="546">
            <marc:subfield code="a">Articles in Japanese, Chinese and Korean.</marc:subfield>
          </marc:datafield>
          <marc:datafield ind1=" " ind2="0" tag="650">
            <marc:subfield code="a">Philosophy and civilization</marc:subfield>
            <marc:subfield code="v">Congresses.</marc:subfield>
          </marc:datafield>
          <marc:datafield ind1=" " ind2="0" tag="651">
            <marc:subfield code="a">East Asia</marc:subfield>
            <marc:subfield code="x">Civilization</marc:subfield>
            <marc:subfield code="v">Congresses.</marc:subfield>
          </marc:datafield>
          <marc:datafield ind1="1" ind2=" " tag="700">
            <marc:subfield code="6">880-05</marc:subfield>
            <marc:subfield code="a">Suzuki, Sadami,</marc:subfield>
            <marc:subfield code="d">1947-</marc:subfield>
          </marc:datafield>
          <marc:datafield ind1="1" ind2=" " tag="700">
            <marc:subfield code="6">880-06</marc:subfield>
            <marc:subfield code="a">Ryū, Kenki,</marc:subfield>
            <marc:subfield code="d">1961-</marc:subfield>
          </marc:datafield>
          <marc:datafield ind1=" " ind2="0" tag="830">
            <marc:subfield code="6">880-07</marc:subfield>
            <marc:subfield code="a">Kokusai shinpojūmu ;</marc:subfield>
            <marc:subfield code="v">35.</marc:subfield>
          </marc:datafield>
          <marc:datafield ind1=" " ind2="0" tag="830">
            <marc:subfield code="6">880-08</marc:subfield>
            <marc:subfield code="a">Kokusai shinpojūmu ;</marc:subfield>
            <marc:subfield code="v">35.</marc:subfield>
          </marc:datafield>
          <marc:datafield ind1="2" ind2=" " tag="880">
            <marc:subfield code="6">111-01</marc:subfield>
            <marc:subfield code="a">国際研究集会「東アジア近代における概念と知の再編成」</marc:subfield>
            <marc:subfield code="d">(2008 :</marc:subfield>
            <marc:subfield code="c">Kyoto, Japan)</marc:subfield>
            <marc:subfield code="4">aut</marc:subfield>
          </marc:datafield>
          <marc:datafield ind1="1" ind2="0" tag="880">
            <marc:subfield code="6">245-02</marc:subfield>
            <marc:subfield code="a">東アジア近代における概念と知の再編成 =</marc:subfield>
            <marc:subfield code="b">The reformulation of concepts and intellectual systems in modern East Asia /</marc:subfield>
            <marc:subfield code="c">鈴木貞美, 劉建輝編.</marc:subfield>
          </marc:datafield>
          <marc:datafield ind1=" " ind2=" " tag="880">
            <marc:subfield code="6">260-03</marc:subfield>
            <marc:subfield code="a">京都市 :</marc:subfield>
            <marc:subfield code="b">国際日本文化研究センター,</marc:subfield>
            <marc:subfield code="c">2010.</marc:subfield>
          </marc:datafield>
          <marc:datafield ind1="1" ind2=" " tag="880">
            <marc:subfield code="6">490-04</marc:subfield>
            <marc:subfield code="a">国際シンポジウム ;</marc:subfield>
            <marc:subfield code="v">35</marc:subfield>
          </marc:datafield>
          <marc:datafield ind1="1" ind2=" " tag="880">
            <marc:subfield code="6">700-05</marc:subfield>
            <marc:subfield code="a">鈴木貞美,</marc:subfield>
            <marc:subfield code="d">1947-</marc:subfield>
          </marc:datafield>
          <marc:datafield ind1="1" ind2=" " tag="880">
            <marc:subfield code="6">700-06</marc:subfield>
            <marc:subfield code="a">劉建輝,</marc:subfield>
            <marc:subfield code="d">1961-</marc:subfield>
          </marc:datafield>
          <marc:datafield ind1=" " ind2="0" tag="880">
            <marc:subfield code="6">830-07</marc:subfield>
            <marc:subfield code="a">国際シンポジウム ;</marc:subfield>
            <marc:subfield code="v">35.</marc:subfield>
          </marc:datafield>
          <marc:datafield ind1="1" ind2=" " tag="880">
            <marc:subfield code="6">830-08</marc:subfield>
            <marc:subfield code="a">国際シンポジウム ;</marc:subfield>
            <marc:subfield code="v">35</marc:subfield>
          </marc:datafield>
          <marc:datafield ind1=" " ind2=" " tag="994">
            <marc:subfield code="a">C0</marc:subfield>
            <marc:subfield code="b">RRR</marc:subfield>
          </marc:datafield>
          <marc:datafield tag="931" ind1=" " ind2=" ">
            <marc:subfield code="a">Text</marc:subfield>
            <marc:subfield code="5">CHANGE_ME</marc:subfield>
          </marc:datafield>
          <marc:datafield tag="932" ind1=" " ind2=" ">
            <marc:subfield code="a">Language material</marc:subfield>
            <marc:subfield code="5">CHANGE_ME</marc:subfield>
          </marc:datafield>
          <marc:datafield tag="933" ind1=" " ind2=" ">
            <marc:subfield code="a">Text</marc:subfield>
            <marc:subfield code="5">CHANGE_ME</marc:subfield>
          </marc:datafield>
          <marc:datafield tag="935" ind1=" " ind2=" ">
            <marc:subfield code="a">Monograph/Item</marc:subfield>
            <marc:subfield code="5">CHANGE_ME</marc:subfield>
          </marc:datafield>
          <marc:datafield tag="937" ind1=" " ind2=" ">
            <marc:subfield code="a">Non-Fiction</marc:subfield>
            <marc:subfield code="5">CHANGE_ME</marc:subfield>
          </marc:datafield>
          <marc:datafield tag="941" ind1=" " ind2=" ">
            <marc:subfield code="a">jpn</marc:subfield>
            <marc:subfield code="5">CHANGE_ME</marc:subfield>
          </marc:datafield>
          <marc:datafield tag="941" ind1=" " ind2=" ">
            <marc:subfield code="a">chi</marc:subfield>
            <marc:subfield code="5">CHANGE_ME</marc:subfield>
          </marc:datafield>
          <marc:datafield tag="941" ind1=" " ind2=" ">
            <marc:subfield code="a">kor</marc:subfield>
            <marc:subfield code="5">CHANGE_ME</marc:subfield>
          </marc:datafield>
          <marc:datafield tag="941" ind1=" " ind2=" ">
            <marc:subfield code="a">eng</marc:subfield>
            <marc:subfield code="5">CHANGE_ME</marc:subfield>
          </marc:datafield>
          <marc:datafield tag="943" ind1=" " ind2=" ">
            <marc:subfield code="a">Japanese</marc:subfield>
            <marc:subfield code="5">CHANGE_ME</marc:subfield>
          </marc:datafield>
          <marc:datafield tag="943" ind1=" " ind2=" ">
            <marc:subfield code="a">Chinese</marc:subfield>
            <marc:subfield code="5">CHANGE_ME</marc:subfield>
          </marc:datafield>
          <marc:datafield tag="943" ind1=" " ind2=" ">
            <marc:subfield code="a">Korean</marc:subfield>
            <marc:subfield code="5">CHANGE_ME</marc:subfield>
          </marc:datafield>
          <marc:datafield tag="943" ind1=" " ind2=" ">
            <marc:subfield code="a">English</marc:subfield>
            <marc:subfield code="5">CHANGE_ME</marc:subfield>
          </marc:datafield>
          <marc:datafield tag="035" ind1=" " ind2=" ">
            <marc:subfield code="a">(CHANGE_ME)4570846</marc:subfield>
          </marc:datafield>
          <marc:datafield tag="240" ind1="0" ind2="0">
            <marc:subfield code="a">Higashi Ajia kindai ni okeru gainen to chi no saihensei =</marc:subfield>
          </marc:datafield>
          <marc:datafield tag="965" ind1=" " ind2="0">
            <marc:subfield code="a">Philosophy and civilization</marc:subfield>
            <marc:subfield code="5">CHANGE_ME</marc:subfield>
          </marc:datafield>
          <marc:datafield tag="965" ind1=" " ind2="0">
            <marc:subfield code="x">Civilization</marc:subfield>
            <marc:subfield code="5">CHANGE_ME</marc:subfield>
          </marc:datafield>
          <marc:datafield tag="967" ind1=" " ind2="0">
            <marc:subfield code="a">East Asia</marc:subfield>
            <marc:subfield code="5">CHANGE_ME</marc:subfield>
          </marc:datafield>
          <marc:datafield tag="969" ind1=" " ind2="0">
            <marc:subfield code="v">Congresses.</marc:subfield>
            <marc:subfield code="5">CHANGE_ME</marc:subfield>
          </marc:datafield>
        </marc:record>
      </metadata>
    </record>