
    <record>
      <header>
        <identifier>oai:mst.rochester.edu:marcnormalization/86</identifier>
        <datestamp>2011-03-30T15:04:46Z</datestamp>
        <setSpec>MARCXMLbibliographic</setSpec>
        <setSpec>marcnormalization</setSpec>
      </header>
      <metadata>
        <marc:record xmlns:marc="http://www.loc.gov/MARC21/slim" xmlns:xsi="http://www.w3.org/2001/XMLSchema-instance" xsi:schemaLocation="http://www.loc.gov/MARC21/slim http://localhost:8080/OAIToolkit-0.6.10/schema/MARC21slim_custom.xsd">
          <marc:leader>02357cam a2200457Ia 4500</marc:leader>
          <marc:controlfield tag="001">4349887</marc:controlfield>
          <marc:controlfield tag="005">20100308171807.0</marc:controlfield>
          <marc:controlfield tag="008">090729s2009    ja a     b   f100 0 jpn d</marc:controlfield>
          <marc:controlfield tag="003">CHANGE_ME</marc:controlfield>
          <marc:datafield ind1=" " ind2=" " tag="035">
            <marc:subfield code="a">(OCoLC)428494314</marc:subfield>
          </marc:datafield>
          <marc:datafield ind1=" " ind2=" " tag="040">
            <marc:subfield code="a">AUM</marc:subfield>
            <marc:subfield code="c">AUM</marc:subfield>
            <marc:subfield code="d">TRCLS</marc:subfield>
            <marc:subfield code="d">GZM</marc:subfield>
            <marc:subfield code="d">IUL</marc:subfield>
            <marc:subfield code="d">MUQ</marc:subfield>
            <marc:subfield code="d">RRR</marc:subfield>
          </marc:datafield>
          <marc:datafield ind1=" " ind2=" " tag="043">
            <marc:subfield code="a">a-ja---</marc:subfield>
          </marc:datafield>
          <marc:datafield ind1=" " ind2=" " tag="049">
            <marc:subfield code="a">RRRR</marc:subfield>
          </marc:datafield>
          <marc:datafield ind1=" " ind2="4" tag="050">
            <marc:subfield code="a">DS834.95</marc:subfield>
            <marc:subfield code="b">.N52 2009</marc:subfield>
          </marc:datafield>
          <marc:datafield ind1=" " ind2=" " tag="084">
            <marc:subfield code="a">210.04</marc:subfield>
            <marc:subfield code="2">njb/9</marc:subfield>
          </marc:datafield>
          <marc:datafield ind1="2" ind2=" " tag="111">
            <marc:subfield code="a">IRCJS 20th Anniversary International Symposium</marc:subfield>
            <marc:subfield code="d">(2007 :</marc:subfield>
            <marc:subfield code="c">Kyoto, Japan)</marc:subfield>
            <marc:subfield code="4">aut</marc:subfield>
          </marc:datafield>
          <marc:datafield ind1="1" ind2="0" tag="245">
            <marc:subfield code="6">880-01</marc:subfield>
            <marc:subfield code="a">Nihon bunka kenkyū no kako, genzai, mirai :</marc:subfield>
            <marc:subfield code="b">aratana chihei o hiraku tame ni = Japanese studies : past, present and future : Breaking new ground for research in Japanese culture /</marc:subfield>
            <marc:subfield code="c">Shirahata Yōzaburō,  Ryū Kenki hen.</marc:subfield>
          </marc:datafield>
          <marc:datafield ind1="3" ind2="1" tag="246">
            <marc:subfield code="a">Japanese studies :</marc:subfield>
            <marc:subfield code="b">past, present and future</marc:subfield>
          </marc:datafield>
          <marc:datafield ind1="3" ind2="0" tag="246">
            <marc:subfield code="a">Breaking new ground for research in Japanese culture</marc:subfield>
          </marc:datafield>
          <marc:datafield ind1=" " ind2=" " tag="260">
            <marc:subfield code="6">880-02</marc:subfield>
            <marc:subfield code="a">Kyōto-shi :</marc:subfield>
            <marc:subfield code="b">Kokusai Nihon Bunka Kenkyū Sentā,</marc:subfield>
            <marc:subfield code="c">2009.</marc:subfield>
          </marc:datafield>
          <marc:datafield ind1=" " ind2=" " tag="300">
            <marc:subfield code="a">182 p. :</marc:subfield>
            <marc:subfield code="b">ill. ;</marc:subfield>
            <marc:subfield code="c">26 cm.</marc:subfield>
          </marc:datafield>
          <marc:datafield ind1="1" ind2=" " tag="490">
            <marc:subfield code="6">880-03</marc:subfield>
            <marc:subfield code="a">Kokusai shinpojūmu ;</marc:subfield>
            <marc:subfield code="v">dai 32-shu</marc:subfield>
          </marc:datafield>
          <marc:datafield ind1=" " ind2=" " tag="500">
            <marc:subfield code="a">Collection of papers presented at the IRCJS 20th Anniversary International Symposium held 18th-21st September 2007.</marc:subfield>
          </marc:datafield>
          <marc:datafield ind1=" " ind2=" " tag="504">
            <marc:subfield code="a">Includes bibliographical references.</marc:subfield>
          </marc:datafield>
          <marc:datafield ind1=" " ind2="0" tag="650">
            <marc:subfield code="a">Japanologists</marc:subfield>
            <marc:subfield code="v">Congresses.</marc:subfield>
          </marc:datafield>
          <marc:datafield ind1=" " ind2="0" tag="651">
            <marc:subfield code="a">Japan</marc:subfield>
            <marc:subfield code="x">Civilization</marc:subfield>
            <marc:subfield code="v">Congresses.</marc:subfield>
          </marc:datafield>
          <marc:datafield ind1=" " ind2="0" tag="651">
            <marc:subfield code="a">Japan</marc:subfield>
            <marc:subfield code="x">Study and teaching</marc:subfield>
            <marc:subfield code="v">Congresses.</marc:subfield>
          </marc:datafield>
          <marc:datafield ind1="1" ind2=" " tag="700">
            <marc:subfield code="6">880-04</marc:subfield>
            <marc:subfield code="a">Shirahata, Yōzaburō,</marc:subfield>
            <marc:subfield code="d">1949-</marc:subfield>
          </marc:datafield>
          <marc:datafield ind1="1" ind2=" " tag="700">
            <marc:subfield code="6">880-05</marc:subfield>
            <marc:subfield code="a">Ryū, Kenki,</marc:subfield>
            <marc:subfield code="d">1961-</marc:subfield>
          </marc:datafield>
          <marc:datafield ind1="2" ind2=" " tag="710">
            <marc:subfield code="6">880-06</marc:subfield>
            <marc:subfield code="a">Kokusai Nihon Bunka Kenkyū Sentā.</marc:subfield>
          </marc:datafield>
          <marc:datafield ind1="2" ind2=" " tag="711">
            <marc:subfield code="6">880-07</marc:subfield>
            <marc:subfield code="a">Kokusai Kenkyū Shūkai</marc:subfield>
            <marc:subfield code="n">(32nd :</marc:subfield>
            <marc:subfield code="d">2007 :</marc:subfield>
            <marc:subfield code="c">Kyoto, Japan)</marc:subfield>
          </marc:datafield>
          <marc:datafield ind1=" " ind2="0" tag="830">
            <marc:subfield code="6">880-08</marc:subfield>
            <marc:subfield code="a">Kokusai shinpojūmu ;</marc:subfield>
            <marc:subfield code="v">32.</marc:subfield>
          </marc:datafield>
          <marc:datafield ind1="1" ind2="0" tag="880">
            <marc:subfield code="6">245-01</marc:subfield>
            <marc:subfield code="a">日本文化研究の過去・現在・未来 :</marc:subfield>
            <marc:subfield code="b">新たな地平を開くために = Japanese studies : past, present and future : Breaking new ground for research in Japanese culture /</marc:subfield>
            <marc:subfield code="c">白幡洋三郎・劉建輝編.</marc:subfield>
          </marc:datafield>
          <marc:datafield ind1=" " ind2=" " tag="880">
            <marc:subfield code="6">260-02</marc:subfield>
            <marc:subfield code="a">京都市 :</marc:subfield>
            <marc:subfield code="b">国際日本文化硏究センター,</marc:subfield>
            <marc:subfield code="c">2009.</marc:subfield>
          </marc:datafield>
          <marc:datafield ind1="1" ind2=" " tag="880">
            <marc:subfield code="6">490-03</marc:subfield>
            <marc:subfield code="a">国際シンポジウム ;</marc:subfield>
            <marc:subfield code="v">第32集</marc:subfield>
          </marc:datafield>
          <marc:datafield ind1="1" ind2=" " tag="880">
            <marc:subfield code="6">700-04</marc:subfield>
            <marc:subfield code="a">白幡洋三郎,</marc:subfield>
            <marc:subfield code="d">1949-</marc:subfield>
          </marc:datafield>
          <marc:datafield ind1="1" ind2=" " tag="880">
            <marc:subfield code="6">700-05</marc:subfield>
            <marc:subfield code="a">劉建輝,</marc:subfield>
            <marc:subfield code="d">1961-</marc:subfield>
          </marc:datafield>
          <marc:datafield ind1="2" ind2=" " tag="880">
            <marc:subfield code="6">710-06</marc:subfield>
            <marc:subfield code="a">国際日本文化硏究センター.</marc:subfield>
          </marc:datafield>
          <marc:datafield ind1="2" ind2=" " tag="880">
            <marc:subfield code="6">711-07</marc:subfield>
            <marc:subfield code="a">国際研究集会</marc:subfield>
            <marc:subfield code="n">(32nd :</marc:subfield>
            <marc:subfield code="d">2007 :</marc:subfield>
            <marc:subfield code="c">Kyoto, Japan)</marc:subfield>
          </marc:datafield>
          <marc:datafield ind1=" " ind2="0" tag="880">
            <marc:subfield code="6">830-08</marc:subfield>
            <marc:subfield code="a">国際シンポジウム ;</marc:subfield>
            <marc:subfield code="v">32.</marc:subfield>
          </marc:datafield>
          <marc:datafield ind1=" " ind2=" " tag="938">
            <marc:subfield code="a">TRC Library Service, Inc.</marc:subfield>
            <marc:subfield code="b">TRCL</marc:subfield>
            <marc:subfield code="n">09103931</marc:subfield>
          </marc:datafield>
          <marc:datafield ind1=" " ind2=" " tag="994">
            <marc:subfield code="a">C0</marc:subfield>
            <marc:subfield code="b">RRR</marc:subfield>
          </marc:datafield>
          <marc:datafield tag="931" ind1=" " ind2=" ">
            <marc:subfield code="a">Text</marc:subfield>
            <marc:subfield code="5">CHANGE_ME</marc:subfield>
          </marc:datafield>
          <marc:datafield tag="932" ind1=" " ind2=" ">
            <marc:subfield code="a">Language material</marc:subfield>
            <marc:subfield code="5">CHANGE_ME</marc:subfield>
          </marc:datafield>
          <marc:datafield tag="933" ind1=" " ind2=" ">
            <marc:subfield code="a">Text</marc:subfield>
            <marc:subfield code="5">CHANGE_ME</marc:subfield>
          </marc:datafield>
          <marc:datafield tag="935" ind1=" " ind2=" ">
            <marc:subfield code="a">Monograph/Item</marc:subfield>
            <marc:subfield code="5">CHANGE_ME</marc:subfield>
          </marc:datafield>
          <marc:datafield tag="937" ind1=" " ind2=" ">
            <marc:subfield code="a">Non-Fiction</marc:subfield>
            <marc:subfield code="5">CHANGE_ME</marc:subfield>
          </marc:datafield>
          <marc:datafield tag="941" ind1=" " ind2=" ">
            <marc:subfield code="a">jpn</marc:subfield>
            <marc:subfield code="5">CHANGE_ME</marc:subfield>
          </marc:datafield>
          <marc:datafield tag="943" ind1=" " ind2=" ">
            <marc:subfield code="a">Japanese</marc:subfield>
            <marc:subfield code="5">CHANGE_ME</marc:subfield>
          </marc:datafield>
          <marc:datafield tag="035" ind1=" " ind2=" ">
            <marc:subfield code="a">(CHANGE_ME)4349887</marc:subfield>
          </marc:datafield>
          <marc:datafield tag="240" ind1="0" ind2="0">
            <marc:subfield code="a">Nihon bunka kenkyū no kako, genzai, mirai :</marc:subfield>
          </marc:datafield>
          <marc:datafield tag="965" ind1=" " ind2="0">
            <marc:subfield code="a">Japanologists</marc:subfield>
            <marc:subfield code="5">CHANGE_ME</marc:subfield>
          </marc:datafield>
          <marc:datafield tag="965" ind1=" " ind2="0">
            <marc:subfield code="x">Civilization</marc:subfield>
            <marc:subfield code="5">CHANGE_ME</marc:subfield>
          </marc:datafield>
          <marc:datafield tag="965" ind1=" " ind2="0">
            <marc:subfield code="x">Study and teaching</marc:subfield>
            <marc:subfield code="5">CHANGE_ME</marc:subfield>
          </marc:datafield>
          <marc:datafield tag="967" ind1=" " ind2="0">
            <marc:subfield code="a">Japan</marc:subfield>
            <marc:subfield code="5">CHANGE_ME</marc:subfield>
          </marc:datafield>
          <marc:datafield tag="969" ind1=" " ind2="0">
            <marc:subfield code="v">Congresses.</marc:subfield>
            <marc:subfield code="5">CHANGE_ME</marc:subfield>
          </marc:datafield>
        </marc:record>
      </metadata>
    </record>