
    <record>
      <header>
        <identifier>oai:mst.rochester.edu:marcnormalization/87</identifier>
        <datestamp>2011-03-30T15:04:46Z</datestamp>
        <setSpec>MARCXMLbibliographic</setSpec>
        <setSpec>marcnormalization</setSpec>
      </header>
      <metadata>
        <marc:record xmlns:marc="http://www.loc.gov/MARC21/slim" xmlns:xsi="http://www.w3.org/2001/XMLSchema-instance" xsi:schemaLocation="http://www.loc.gov/MARC21/slim http://localhost:8080/OAIToolkit-0.6.10/schema/MARC21slim_custom.xsd">
          <marc:leader>02078cam a2200517Ia 4500</marc:leader>
          <marc:controlfield tag="001">4335309</marc:controlfield>
          <marc:controlfield tag="005">20100308162646.0</marc:controlfield>
          <marc:controlfield tag="008">091007s2008    ja a     b    000 0 jpn d</marc:controlfield>
          <marc:controlfield tag="003">CHANGE_ME</marc:controlfield>
          <marc:datafield ind1=" " ind2=" " tag="020">
            <marc:subfield code="a">9784894447080</marc:subfield>
          </marc:datafield>
          <marc:datafield ind1=" " ind2=" " tag="020">
            <marc:subfield code="a">4894447088</marc:subfield>
          </marc:datafield>
          <marc:datafield ind1="0" ind2=" " tag="029">
            <marc:subfield code="a">TRCLS</marc:subfield>
            <marc:subfield code="b">08040950</marc:subfield>
          </marc:datafield>
          <marc:datafield ind1="1" ind2=" " tag="029">
            <marc:subfield code="a">AU@</marc:subfield>
            <marc:subfield code="b">000043747731</marc:subfield>
          </marc:datafield>
          <marc:datafield ind1=" " ind2=" " tag="035">
            <marc:subfield code="a">(OCoLC)244298551</marc:subfield>
          </marc:datafield>
          <marc:datafield ind1=" " ind2=" " tag="040">
            <marc:subfield code="a">TRCLS</marc:subfield>
            <marc:subfield code="c">TRCLS</marc:subfield>
            <marc:subfield code="d">BWX</marc:subfield>
            <marc:subfield code="d">CLE</marc:subfield>
            <marc:subfield code="d">CUV</marc:subfield>
          </marc:datafield>
          <marc:datafield ind1="0" ind2=" " tag="041">
            <marc:subfield code="a">jpn</marc:subfield>
            <marc:subfield code="b">eng</marc:subfield>
          </marc:datafield>
          <marc:datafield ind1=" " ind2=" " tag="043">
            <marc:subfield code="a">a-ja---</marc:subfield>
          </marc:datafield>
          <marc:datafield ind1=" " ind2=" " tag="049">
            <marc:subfield code="a">RRRR</marc:subfield>
          </marc:datafield>
          <marc:datafield ind1=" " ind2="4" tag="050">
            <marc:subfield code="a">NK1484.A1</marc:subfield>
            <marc:subfield code="b">N529 2008</marc:subfield>
          </marc:datafield>
          <marc:datafield ind1=" " ind2="4" tag="050">
            <marc:subfield code="a">NK1484</marc:subfield>
          </marc:datafield>
          <marc:datafield ind1="0" ind2=" " tag="082">
            <marc:subfield code="a">745.4</marc:subfield>
          </marc:datafield>
          <marc:datafield ind1=" " ind2=" " tag="084">
            <marc:subfield code="a">721.087</marc:subfield>
            <marc:subfield code="2">njb/9</marc:subfield>
          </marc:datafield>
          <marc:datafield ind1="0" ind2="0" tag="245">
            <marc:subfield code="6">880-01</marc:subfield>
            <marc:subfield code="a">Nihon no zuzō :</marc:subfield>
            <marc:subfield code="b">chōjū chūgyo = Animal, bird, insect, fish : traditional patterns in Japanese design /</marc:subfield>
            <marc:subfield code="c">[kikaku, henshū Hamada Nobuyoshi].</marc:subfield>
          </marc:datafield>
          <marc:datafield ind1="3" ind2="1" tag="246">
            <marc:subfield code="a">Animal, bird, insect, fish :</marc:subfield>
            <marc:subfield code="b">traditional patterns in Japanese design</marc:subfield>
          </marc:datafield>
          <marc:datafield ind1="3" ind2="0" tag="246">
            <marc:subfield code="6">880-02</marc:subfield>
            <marc:subfield code="a">Chōjū chūgyo</marc:subfield>
          </marc:datafield>
          <marc:datafield ind1="3" ind2="0" tag="246">
            <marc:subfield code="a">Traditional patterns in Japanese design</marc:subfield>
          </marc:datafield>
          <marc:datafield ind1=" " ind2=" " tag="250">
            <marc:subfield code="6">880-03</marc:subfield>
            <marc:subfield code="a">Shohan.</marc:subfield>
          </marc:datafield>
          <marc:datafield ind1=" " ind2=" " tag="260">
            <marc:subfield code="6">880-04</marc:subfield>
            <marc:subfield code="a">Tōkyō :</marc:subfield>
            <marc:subfield code="b">Pie Bukkusu,</marc:subfield>
            <marc:subfield code="c">2008.</marc:subfield>
          </marc:datafield>
          <marc:datafield ind1=" " ind2=" " tag="300">
            <marc:subfield code="a">407 p. :</marc:subfield>
            <marc:subfield code="b">chiefly col. ill. ;</marc:subfield>
            <marc:subfield code="c">21 cm.</marc:subfield>
          </marc:datafield>
          <marc:datafield ind1=" " ind2=" " tag="504">
            <marc:subfield code="a">Includes bibliographical references (p. 407).</marc:subfield>
          </marc:datafield>
          <marc:datafield ind1=" " ind2=" " tag="546">
            <marc:subfield code="a">Legends in Japanese and English.</marc:subfield>
          </marc:datafield>
          <marc:datafield ind1=" " ind2="0" tag="650">
            <marc:subfield code="a">Decoration and ornament</marc:subfield>
            <marc:subfield code="z">Japan</marc:subfield>
            <marc:subfield code="x">Themes, motives.</marc:subfield>
          </marc:datafield>
          <marc:datafield ind1="0" ind2="7" tag="650">
            <marc:subfield code="6">880-05</marc:subfield>
            <marc:subfield code="a">Kachōga-Gashū.</marc:subfield>
            <marc:subfield code="2">jlabsh/4</marc:subfield>
          </marc:datafield>
          <marc:datafield ind1="1" ind2=" " tag="700">
            <marc:subfield code="6">880-06</marc:subfield>
            <marc:subfield code="a">Hamada, Nobuyoshi.</marc:subfield>
          </marc:datafield>
          <marc:datafield ind1="4" ind2=" " tag="856">
            <marc:subfield code="u">http://www.bk1.jp/trcno/08040950/?partnerid=oclc&amp;siteid=oclc</marc:subfield>
            <marc:subfield code="z">Japanese record available for display</marc:subfield>
          </marc:datafield>
          <marc:datafield ind1="0" ind2="0" tag="880">
            <marc:subfield code="6">245-01</marc:subfield>
            <marc:subfield code="a">日本の図像 :</marc:subfield>
            <marc:subfield code="b">鳥獣虫魚 = Animal, bird, insect, fish : traditional patterns in Japanese design /</marc:subfield>
            <marc:subfield code="c">[企画・編集濱田信義].</marc:subfield>
          </marc:datafield>
          <marc:datafield ind1="3" ind2="0" tag="880">
            <marc:subfield code="6">246-02</marc:subfield>
            <marc:subfield code="a">鳥獣虫魚</marc:subfield>
          </marc:datafield>
          <marc:datafield ind1=" " ind2=" " tag="880">
            <marc:subfield code="6">250-03</marc:subfield>
            <marc:subfield code="a">初版.</marc:subfield>
          </marc:datafield>
          <marc:datafield ind1=" " ind2=" " tag="880">
            <marc:subfield code="6">260-04</marc:subfield>
            <marc:subfield code="a">東京 :</marc:subfield>
            <marc:subfield code="b">ピエ・ブックス,</marc:subfield>
            <marc:subfield code="c">2008.</marc:subfield>
          </marc:datafield>
          <marc:datafield ind1="0" ind2="7" tag="880">
            <marc:subfield code="6">650-05</marc:subfield>
            <marc:subfield code="a">花鳥画-画集.</marc:subfield>
            <marc:subfield code="2">jlabsh/4</marc:subfield>
          </marc:datafield>
          <marc:datafield ind1="1" ind2=" " tag="880">
            <marc:subfield code="6">700-06</marc:subfield>
            <marc:subfield code="a">濱田信義.</marc:subfield>
          </marc:datafield>
          <marc:datafield ind1=" " ind2=" " tag="880">
            <marc:subfield code="6">500-00</marc:subfield>
            <marc:subfield code="a">欧文タイトル:Animal,Bird,Insect,Fish:Tradirional Patterns in Japanese Design</marc:subfield>
          </marc:datafield>
          <marc:datafield ind1=" " ind2=" " tag="938">
            <marc:subfield code="a">TRC Library Service, Inc.</marc:subfield>
            <marc:subfield code="b">TRCL</marc:subfield>
            <marc:subfield code="n">08040950</marc:subfield>
            <marc:subfield code="c">3800yen</marc:subfield>
          </marc:datafield>
          <marc:datafield ind1=" " ind2=" " tag="994">
            <marc:subfield code="a">C0</marc:subfield>
            <marc:subfield code="b">RRR</marc:subfield>
          </marc:datafield>
          <marc:datafield ind1=" " ind2=" " tag="999">
            <marc:subfield code="a">Text data RCL Internet</marc:subfield>
          </marc:datafield>
          <marc:datafield tag="931" ind1=" " ind2=" ">
            <marc:subfield code="a">Text</marc:subfield>
            <marc:subfield code="5">CHANGE_ME</marc:subfield>
          </marc:datafield>
          <marc:datafield tag="932" ind1=" " ind2=" ">
            <marc:subfield code="a">Language material</marc:subfield>
            <marc:subfield code="5">CHANGE_ME</marc:subfield>
          </marc:datafield>
          <marc:datafield tag="933" ind1=" " ind2=" ">
            <marc:subfield code="a">Text</marc:subfield>
            <marc:subfield code="5">CHANGE_ME</marc:subfield>
          </marc:datafield>
          <marc:datafield tag="935" ind1=" " ind2=" ">
            <marc:subfield code="a">Monograph/Item</marc:subfield>
            <marc:subfield code="5">CHANGE_ME</marc:subfield>
          </marc:datafield>
          <marc:datafield tag="937" ind1=" " ind2=" ">
            <marc:subfield code="a">Non-Fiction</marc:subfield>
            <marc:subfield code="5">CHANGE_ME</marc:subfield>
          </marc:datafield>
          <marc:datafield tag="941" ind1=" " ind2=" ">
            <marc:subfield code="a">jpn</marc:subfield>
            <marc:subfield code="5">CHANGE_ME</marc:subfield>
          </marc:datafield>
          <marc:datafield tag="943" ind1=" " ind2=" ">
            <marc:subfield code="a">Japanese</marc:subfield>
            <marc:subfield code="5">CHANGE_ME</marc:subfield>
          </marc:datafield>
          <marc:datafield tag="947" ind1=" " ind2=" ">
            <marc:subfield code="a">9784894447080</marc:subfield>
            <marc:subfield code="5">CHANGE_ME</marc:subfield>
          </marc:datafield>
          <marc:datafield tag="947" ind1=" " ind2=" ">
            <marc:subfield code="a">4894447088</marc:subfield>
            <marc:subfield code="5">CHANGE_ME</marc:subfield>
          </marc:datafield>
          <marc:datafield tag="035" ind1=" " ind2=" ">
            <marc:subfield code="a">(CHANGE_ME)4335309</marc:subfield>
          </marc:datafield>
          <marc:datafield tag="130" ind1="0" ind2=" ">
            <marc:subfield code="a">Nihon no zuzō :</marc:subfield>
          </marc:datafield>
          <marc:datafield tag="965" ind1=" " ind2="0">
            <marc:subfield code="a">Decoration and ornament</marc:subfield>
            <marc:subfield code="5">CHANGE_ME</marc:subfield>
          </marc:datafield>
          <marc:datafield tag="965" ind1=" " ind2="0">
            <marc:subfield code="x">Themes, motives.</marc:subfield>
            <marc:subfield code="5">CHANGE_ME</marc:subfield>
          </marc:datafield>
          <marc:datafield tag="967" ind1=" " ind2="0">
            <marc:subfield code="z">Japan</marc:subfield>
            <marc:subfield code="5">CHANGE_ME</marc:subfield>
          </marc:datafield>
        </marc:record>
      </metadata>
    </record>