
    <record>
      <header>
        <identifier>oai:mst.rochester.edu:marcnormalization/88</identifier>
        <datestamp>2011-03-30T15:04:46Z</datestamp>
        <setSpec>MARCXMLbibliographic</setSpec>
        <setSpec>marcnormalization</setSpec>
      </header>
      <metadata>
        <marc:record xmlns:marc="http://www.loc.gov/MARC21/slim" xmlns:xsi="http://www.w3.org/2001/XMLSchema-instance" xsi:schemaLocation="http://www.loc.gov/MARC21/slim http://localhost:8080/OAIToolkit-0.6.10/schema/MARC21slim_custom.xsd">
          <marc:leader>01329cam a2200349Mi 4500</marc:leader>
          <marc:controlfield tag="001">2863261</marc:controlfield>
          <marc:controlfield tag="005">20050916133840.0</marc:controlfield>
          <marc:controlfield tag="008">050720s2005    ja       b    001 0 jpn d</marc:controlfield>
          <marc:controlfield tag="003">CHANGE_ME</marc:controlfield>
          <marc:datafield ind1=" " ind2=" " tag="020">
            <marc:subfield code="a">478450169X</marc:subfield>
          </marc:datafield>
          <marc:datafield ind1=" " ind2=" " tag="035">
            <marc:subfield code="a">(OCoLC)61181573</marc:subfield>
          </marc:datafield>
          <marc:datafield ind1=" " ind2=" " tag="040">
            <marc:subfield code="a">LWU</marc:subfield>
            <marc:subfield code="b">jpn</marc:subfield>
            <marc:subfield code="c">LWU</marc:subfield>
          </marc:datafield>
          <marc:datafield ind1=" " ind2=" " tag="049">
            <marc:subfield code="a">RRRR</marc:subfield>
          </marc:datafield>
          <marc:datafield ind1=" " ind2=" " tag="066">
            <marc:subfield code="c">$1</marc:subfield>
          </marc:datafield>
          <marc:datafield ind1=" " ind2=" " tag="084">
            <marc:subfield code="a">912.6</marc:subfield>
            <marc:subfield code="2">njb</marc:subfield>
          </marc:datafield>
          <marc:datafield ind1="0" ind2="0" tag="245">
            <marc:subfield code="6">880-01</marc:subfield>
            <marc:subfield code="a">20-seiki no gikyoku.</marc:subfield>
            <marc:subfield code="n">III :</marc:subfield>
            <marc:subfield code="b">Gendai gikyoku no henbō /</marc:subfield>
            <marc:subfield code="c">Nihon Kindai Engekishi Kenkyūkai hen.</marc:subfield>
          </marc:datafield>
          <marc:datafield ind1="3" ind2=" " tag="246">
            <marc:subfield code="a">Nijisseiki no gikyoku</marc:subfield>
          </marc:datafield>
          <marc:datafield ind1=" " ind2=" " tag="260">
            <marc:subfield code="6">880-02</marc:subfield>
            <marc:subfield code="a">Tōkyō :</marc:subfield>
            <marc:subfield code="b">Shakai Hyōronsha,</marc:subfield>
            <marc:subfield code="c">2005.</marc:subfield>
          </marc:datafield>
          <marc:datafield ind1=" " ind2=" " tag="300">
            <marc:subfield code="a">622 p. ;</marc:subfield>
            <marc:subfield code="c">22 cm.</marc:subfield>
          </marc:datafield>
          <marc:datafield ind1=" " ind2=" " tag="504">
            <marc:subfield code="6">880-04</marc:subfield>
            <marc:subfield code="a">Includes bibliographical references and index.</marc:subfield>
          </marc:datafield>
          <marc:datafield ind1=" " ind2="0" tag="650">
            <marc:subfield code="a">Japanese drama</marc:subfield>
            <marc:subfield code="y">20th century</marc:subfield>
            <marc:subfield code="x">History and criticism.</marc:subfield>
          </marc:datafield>
          <marc:datafield ind1=" " ind2=" " tag="653">
            <marc:subfield code="6">880-07</marc:subfield>
            <marc:subfield code="a">Nihongikyoku</marc:subfield>
            <marc:subfield code="a">Rekishi</marc:subfield>
            <marc:subfield code="a">Meijiigo.</marc:subfield>
          </marc:datafield>
          <marc:datafield ind1="2" ind2=" " tag="710">
            <marc:subfield code="6">880-08</marc:subfield>
            <marc:subfield code="a">Nihon Kindai Engekishi Kenkyūkai.</marc:subfield>
          </marc:datafield>
          <marc:datafield ind1="0" ind2="0" tag="880">
            <marc:subfield code="6">245-01/$1</marc:subfield>
            <marc:subfield code="a">20世紀の戯曲.</marc:subfield>
            <marc:subfield code="n">3 /</marc:subfield>
            <marc:subfield code="c">日本近代演劇史研究会,日本演劇学会編.</marc:subfield>
          </marc:datafield>
          <marc:datafield ind1=" " ind2=" " tag="880">
            <marc:subfield code="6">260-02/$1</marc:subfield>
            <marc:subfield code="a">東京 :</marc:subfield>
            <marc:subfield code="b">社会評論社,</marc:subfield>
            <marc:subfield code="c">2005.</marc:subfield>
          </marc:datafield>
          <marc:datafield ind1=" " ind2=" " tag="880">
            <marc:subfield code="6">500-03/$1</marc:subfield>
            <marc:subfield code="a">6200円.</marc:subfield>
          </marc:datafield>
          <marc:datafield ind1=" " ind2=" " tag="880">
            <marc:subfield code="6">504-04/$1</marc:subfield>
            <marc:subfield code="a">文献あり.</marc:subfield>
          </marc:datafield>
          <marc:datafield ind1="0" ind2=" " tag="880">
            <marc:subfield code="6">505-05/$1</marc:subfield>
            <marc:subfield code="a">現代戯曲の変貌.</marc:subfield>
          </marc:datafield>
          <marc:datafield ind1="0" ind2=" " tag="880">
            <marc:subfield code="6">505-06/$1</marc:subfield>
            <marc:subfield code="a">索引あり.</marc:subfield>
          </marc:datafield>
          <marc:datafield ind1=" " ind2=" " tag="880">
            <marc:subfield code="6">653-07/$1</marc:subfield>
            <marc:subfield code="a">日本戯曲</marc:subfield>
            <marc:subfield code="a">歴史</marc:subfield>
            <marc:subfield code="a">明治以後.</marc:subfield>
          </marc:datafield>
          <marc:datafield ind1="2" ind2=" " tag="880">
            <marc:subfield code="6">710-08/$1</marc:subfield>
            <marc:subfield code="a">日本近代演劇史研究会.</marc:subfield>
          </marc:datafield>
          <marc:datafield ind1="2" ind2=" " tag="880">
            <marc:subfield code="6">710-09/$1</marc:subfield>
            <marc:subfield code="a">日本演劇学会.</marc:subfield>
          </marc:datafield>
          <marc:datafield ind1=" " ind2=" " tag="994">
            <marc:subfield code="a">C0</marc:subfield>
            <marc:subfield code="b">RRR</marc:subfield>
          </marc:datafield>
          <marc:datafield tag="931" ind1=" " ind2=" ">
            <marc:subfield code="a">Text</marc:subfield>
            <marc:subfield code="5">CHANGE_ME</marc:subfield>
          </marc:datafield>
          <marc:datafield tag="932" ind1=" " ind2=" ">
            <marc:subfield code="a">Language material</marc:subfield>
            <marc:subfield code="5">CHANGE_ME</marc:subfield>
          </marc:datafield>
          <marc:datafield tag="933" ind1=" " ind2=" ">
            <marc:subfield code="a">Text</marc:subfield>
            <marc:subfield code="5">CHANGE_ME</marc:subfield>
          </marc:datafield>
          <marc:datafield tag="935" ind1=" " ind2=" ">
            <marc:subfield code="a">Monograph/Item</marc:subfield>
            <marc:subfield code="5">CHANGE_ME</marc:subfield>
          </marc:datafield>
          <marc:datafield tag="937" ind1=" " ind2=" ">
            <marc:subfield code="a">Non-Fiction</marc:subfield>
            <marc:subfield code="5">CHANGE_ME</marc:subfield>
          </marc:datafield>
          <marc:datafield tag="941" ind1=" " ind2=" ">
            <marc:subfield code="a">jpn</marc:subfield>
            <marc:subfield code="5">CHANGE_ME</marc:subfield>
          </marc:datafield>
          <marc:datafield tag="943" ind1=" " ind2=" ">
            <marc:subfield code="a">Japanese</marc:subfield>
            <marc:subfield code="5">CHANGE_ME</marc:subfield>
          </marc:datafield>
          <marc:datafield tag="947" ind1=" " ind2=" ">
            <marc:subfield code="a">478450169X</marc:subfield>
            <marc:subfield code="5">CHANGE_ME</marc:subfield>
          </marc:datafield>
          <marc:datafield tag="035" ind1=" " ind2=" ">
            <marc:subfield code="a">(CHANGE_ME)2863261</marc:subfield>
          </marc:datafield>
          <marc:datafield tag="130" ind1="0" ind2=" ">
            <marc:subfield code="a">20-seiki no gikyoku.</marc:subfield>
            <marc:subfield code="n">III :</marc:subfield>
          </marc:datafield>
          <marc:datafield tag="965" ind1=" " ind2="0">
            <marc:subfield code="a">Japanese drama</marc:subfield>
            <marc:subfield code="5">CHANGE_ME</marc:subfield>
          </marc:datafield>
          <marc:datafield tag="965" ind1=" " ind2="0">
            <marc:subfield code="x">History and criticism.</marc:subfield>
            <marc:subfield code="5">CHANGE_ME</marc:subfield>
          </marc:datafield>
          <marc:datafield tag="963" ind1=" " ind2="0">
            <marc:subfield code="y">20th century</marc:subfield>
            <marc:subfield code="5">CHANGE_ME</marc:subfield>
          </marc:datafield>
        </marc:record>
      </metadata>
    </record>