
    <record>
      <header>
        <identifier>oai:mst.rochester.edu:marcnormalization/89</identifier>
        <datestamp>2011-03-30T15:04:46Z</datestamp>
        <setSpec>MARCXMLbibliographic</setSpec>
        <setSpec>marcnormalization</setSpec>
      </header>
      <metadata>
        <marc:record xmlns:marc="http://www.loc.gov/MARC21/slim" xmlns:xsi="http://www.w3.org/2001/XMLSchema-instance" xsi:schemaLocation="http://www.loc.gov/MARC21/slim http://localhost:8080/OAIToolkit-0.6.10/schema/MARC21slim_custom.xsd">
          <marc:leader>02312ngm a2200517Ia 4500</marc:leader>
          <marc:controlfield tag="001">4566345</marc:controlfield>
          <marc:controlfield tag="005">20100903114607.0</marc:controlfield>
          <marc:controlfield tag="007">vd cvaizu</marc:controlfield>
          <marc:controlfield tag="003">CHANGE_ME</marc:controlfield>
          <marc:controlfield tag="008">100902p20102008ko 144            vlkor d</marc:controlfield>
          <marc:datafield ind1="3" ind2=" " tag="024">
            <marc:subfield code="a">4907953035799</marc:subfield>
          </marc:datafield>
          <marc:datafield ind1="4" ind2="2" tag="028">
            <marc:subfield code="a">BBBF-8581</marc:subfield>
            <marc:subfield code="b">Bitters End</marc:subfield>
          </marc:datafield>
          <marc:datafield ind1=" " ind2=" " tag="035">
            <marc:subfield code="a">(OCoLC)660169530</marc:subfield>
          </marc:datafield>
          <marc:datafield ind1=" " ind2=" " tag="040">
            <marc:subfield code="a">CUI</marc:subfield>
            <marc:subfield code="c">CUI</marc:subfield>
          </marc:datafield>
          <marc:datafield ind1="1" ind2=" " tag="041">
            <marc:subfield code="a">kor</marc:subfield>
            <marc:subfield code="j">jpn</marc:subfield>
          </marc:datafield>
          <marc:datafield ind1=" " ind2=" " tag="049">
            <marc:subfield code="a">RRRR</marc:subfield>
          </marc:datafield>
          <marc:datafield ind1=" " ind2="4" tag="050">
            <marc:subfield code="a">PN1997.2</marc:subfield>
            <marc:subfield code="b">.P362 2010</marc:subfield>
          </marc:datafield>
          <marc:datafield ind1="0" ind2="0" tag="245">
            <marc:subfield code="6">880-01</marc:subfield>
            <marc:subfield code="a">Pam kwa nat</marc:subfield>
            <marc:subfield code="h">[videorecording]  =</marc:subfield>
            <marc:subfield code="b">Night and day /</marc:subfield>
            <marc:subfield code="c">chejak, Yŏnghwasa Pom ; kamdok, Hong Sang-su.</marc:subfield>
          </marc:datafield>
          <marc:datafield ind1="3" ind2="1" tag="246">
            <marc:subfield code="a">Night and day</marc:subfield>
          </marc:datafield>
          <marc:datafield ind1="1" ind2=" " tag="246">
            <marc:subfield code="6">880-02</marc:subfield>
            <marc:subfield code="i">Japanese title on container:</marc:subfield>
            <marc:subfield code="a">Abanchūru wa Pari de</marc:subfield>
          </marc:datafield>
          <marc:datafield ind1=" " ind2=" " tag="260">
            <marc:subfield code="a">[S.l.] :</marc:subfield>
            <marc:subfield code="b">Bitters End,</marc:subfield>
            <marc:subfield code="c">[2010]</marc:subfield>
          </marc:datafield>
          <marc:datafield ind1=" " ind2=" " tag="300">
            <marc:subfield code="a">1 videodisc (144 min.) :</marc:subfield>
            <marc:subfield code="b">sd., col. ;</marc:subfield>
            <marc:subfield code="c">4 3/4 in.</marc:subfield>
          </marc:datafield>
          <marc:datafield ind1=" " ind2=" " tag="500">
            <marc:subfield code="a">Originally produced as a film in 2008.</marc:subfield>
          </marc:datafield>
          <marc:datafield ind1=" " ind2=" " tag="508">
            <marc:subfield code="6">880-04</marc:subfield>
            <marc:subfield code="a">Chejak, Cho Kwang-hŭi, O Chŏng-wan ; pʻŭrodyusŏ, Kang Tong-gu, Kim Yŏng-sok ; chʻwaryŏng, Kim Hun-gwang.</marc:subfield>
          </marc:datafield>
          <marc:datafield ind1="1" ind2=" " tag="511">
            <marc:subfield code="6">880-03</marc:subfield>
            <marc:subfield code="a">Kim Yŏng-ho, Pak Ŭn-hye, Hwang Su-jŏng, Yi Sŏn-gyun.</marc:subfield>
          </marc:datafield>
          <marc:datafield ind1=" " ind2=" " tag="520">
            <marc:subfield code="a">Sung-nam Kim, an artist selected by the Korean government that escaped from Seoul and currently resides in Paris, student Yoo-jung Lee studying painting in Paris, Sung-in Han waiting for her husband Sung-nam Kim, and North Korean Kyeong-su Yun also studying in Paris.</marc:subfield>
          </marc:datafield>
          <marc:datafield ind1=" " ind2=" " tag="538">
            <marc:subfield code="a">DVD; NTSC, region 2.</marc:subfield>
          </marc:datafield>
          <marc:datafield ind1=" " ind2=" " tag="546">
            <marc:subfield code="a">In Korean with Japanese subtitles.</marc:subfield>
          </marc:datafield>
          <marc:datafield ind1=" " ind2="0" tag="655">
            <marc:subfield code="a">Feature films.</marc:subfield>
          </marc:datafield>
          <marc:datafield ind1="1" ind2=" " tag="700">
            <marc:subfield code="6">880-05</marc:subfield>
            <marc:subfield code="a">Hong, Sang-su,</marc:subfield>
            <marc:subfield code="d">1960-</marc:subfield>
          </marc:datafield>
          <marc:datafield ind1="1" ind2=" " tag="700">
            <marc:subfield code="6">880-06</marc:subfield>
            <marc:subfield code="a">Kim, Yŏng-ho.</marc:subfield>
          </marc:datafield>
          <marc:datafield ind1="1" ind2=" " tag="700">
            <marc:subfield code="6">880-07</marc:subfield>
            <marc:subfield code="a">Pak, Ŭn-hye.</marc:subfield>
          </marc:datafield>
          <marc:datafield ind1="1" ind2=" " tag="700">
            <marc:subfield code="6">880-08</marc:subfield>
            <marc:subfield code="a">Hwang, Su-jŏng.</marc:subfield>
          </marc:datafield>
          <marc:datafield ind1="1" ind2=" " tag="700">
            <marc:subfield code="6">880-09</marc:subfield>
            <marc:subfield code="a">Yi, Sŏn-gyun.</marc:subfield>
          </marc:datafield>
          <marc:datafield ind1="2" ind2=" " tag="710">
            <marc:subfield code="6">880-10</marc:subfield>
            <marc:subfield code="a">Yŏnghwasa Pom.</marc:subfield>
          </marc:datafield>
          <marc:datafield ind1="2" ind2=" " tag="710">
            <marc:subfield code="a">Bitters End.</marc:subfield>
          </marc:datafield>
          <marc:datafield ind1="0" ind2="0" tag="880">
            <marc:subfield code="6">245-01</marc:subfield>
            <marc:subfield code="a">밤 과 낮</marc:subfield>
            <marc:subfield code="h">[videorecording] =</marc:subfield>
            <marc:subfield code="b">Night and day /</marc:subfield>
            <marc:subfield code="c">제작, 영화사 봄 ; 감독, 홍 상수.</marc:subfield>
          </marc:datafield>
          <marc:datafield ind1="1" ind2=" " tag="880">
            <marc:subfield code="6">246-02</marc:subfield>
            <marc:subfield code="i">Japanese title on container:</marc:subfield>
            <marc:subfield code="a">アバンチュールはパリで</marc:subfield>
          </marc:datafield>
          <marc:datafield ind1="1" ind2=" " tag="880">
            <marc:subfield code="6">511-03</marc:subfield>
            <marc:subfield code="a">김  영호, 박 은혜, 황 수정, 이 선균.</marc:subfield>
          </marc:datafield>
          <marc:datafield ind1=" " ind2=" " tag="880">
            <marc:subfield code="6">508-04</marc:subfield>
            <marc:subfield code="a">제작, 조 광희, 오 정완 ; 프로듀서, 강 동구, 김 영석 ;촬영, 김 훈광.</marc:subfield>
          </marc:datafield>
          <marc:datafield ind1="1" ind2=" " tag="880">
            <marc:subfield code="6">700-05</marc:subfield>
            <marc:subfield code="a">홍 상수,</marc:subfield>
            <marc:subfield code="d">1960-</marc:subfield>
          </marc:datafield>
          <marc:datafield ind1="1" ind2=" " tag="880">
            <marc:subfield code="6">700-06</marc:subfield>
            <marc:subfield code="a">김 영호.</marc:subfield>
          </marc:datafield>
          <marc:datafield ind1="1" ind2=" " tag="880">
            <marc:subfield code="6">700-07</marc:subfield>
            <marc:subfield code="a">박 은혜.</marc:subfield>
          </marc:datafield>
          <marc:datafield ind1="1" ind2=" " tag="880">
            <marc:subfield code="6">700-08</marc:subfield>
            <marc:subfield code="a">황 수정.</marc:subfield>
          </marc:datafield>
          <marc:datafield ind1="1" ind2=" " tag="880">
            <marc:subfield code="6">700-09</marc:subfield>
            <marc:subfield code="a">이 선균.</marc:subfield>
          </marc:datafield>
          <marc:datafield ind1="2" ind2=" " tag="880">
            <marc:subfield code="6">710-10</marc:subfield>
            <marc:subfield code="a">영화사 봄.</marc:subfield>
          </marc:datafield>
          <marc:datafield ind1=" " ind2=" " tag="994">
            <marc:subfield code="a">C0</marc:subfield>
            <marc:subfield code="b">RRR</marc:subfield>
          </marc:datafield>
          <marc:datafield tag="931" ind1=" " ind2=" ">
            <marc:subfield code="a">Image</marc:subfield>
            <marc:subfield code="5">CHANGE_ME</marc:subfield>
          </marc:datafield>
          <marc:datafield tag="932" ind1=" " ind2=" ">
            <marc:subfield code="a">Projected medium</marc:subfield>
            <marc:subfield code="5">CHANGE_ME</marc:subfield>
          </marc:datafield>
          <marc:datafield tag="935" ind1=" " ind2=" ">
            <marc:subfield code="a">Monograph/Item</marc:subfield>
            <marc:subfield code="5">CHANGE_ME</marc:subfield>
          </marc:datafield>
          <marc:datafield tag="931" ind1=" " ind2=" ">
            <marc:subfield code="a">MovingImage</marc:subfield>
            <marc:subfield code="5">CHANGE_ME</marc:subfield>
          </marc:datafield>
          <marc:datafield tag="933" ind1=" " ind2=" ">
            <marc:subfield code="a">Video recording</marc:subfield>
            <marc:subfield code="5">CHANGE_ME</marc:subfield>
          </marc:datafield>
          <marc:datafield tag="934" ind1=" " ind2=" ">
            <marc:subfield code="a">Videodisc</marc:subfield>
            <marc:subfield code="5">CHANGE_ME</marc:subfield>
          </marc:datafield>
          <marc:datafield tag="941" ind1=" " ind2=" ">
            <marc:subfield code="a">kor</marc:subfield>
            <marc:subfield code="5">CHANGE_ME</marc:subfield>
          </marc:datafield>
          <marc:datafield tag="943" ind1=" " ind2=" ">
            <marc:subfield code="a">Korean</marc:subfield>
            <marc:subfield code="5">CHANGE_ME</marc:subfield>
          </marc:datafield>
          <marc:datafield tag="035" ind1=" " ind2=" ">
            <marc:subfield code="a">(CHANGE_ME)4566345</marc:subfield>
          </marc:datafield>
          <marc:datafield tag="130" ind1="0" ind2=" ">
            <marc:subfield code="a">Pam kwa nat</marc:subfield>
          </marc:datafield>
        </marc:record>
      </metadata>
    </record>