
    <record>
      <header>
        <identifier>oai:mst.rochester.edu:marcnormalization/90</identifier>
        <datestamp>2011-03-30T15:04:46Z</datestamp>
        <setSpec>MARCXMLbibliographic</setSpec>
        <setSpec>marcnormalization</setSpec>
      </header>
      <metadata>
        <marc:record xmlns:marc="http://www.loc.gov/MARC21/slim" xmlns:xsi="http://www.w3.org/2001/XMLSchema-instance" xsi:schemaLocation="http://www.loc.gov/MARC21/slim http://localhost:8080/OAIToolkit-0.6.10/schema/MARC21slim_custom.xsd">
          <marc:leader>01743cjm a2200469Ka 4500</marc:leader>
          <marc:controlfield tag="001">4140867</marc:controlfield>
          <marc:controlfield tag="005">20090714161019.0</marc:controlfield>
          <marc:controlfield tag="007">sd fungnn||||u</marc:controlfield>
          <marc:controlfield tag="003">CHANGE_ME</marc:controlfield>
          <marc:controlfield tag="008">081223p20051971ko bdnn  dfi      n kor d</marc:controlfield>
          <marc:datafield ind1="0" ind2="2" tag="028">
            <marc:subfield code="a">TOPCD-096</marc:subfield>
            <marc:subfield code="b">TOP</marc:subfield>
          </marc:datafield>
          <marc:datafield ind1="0" ind2="0" tag="033">
            <marc:subfield code="a">19711202</marc:subfield>
          </marc:datafield>
          <marc:datafield ind1=" " ind2=" " tag="035">
            <marc:subfield code="a">(OCoLC)291091270</marc:subfield>
          </marc:datafield>
          <marc:datafield ind1=" " ind2=" " tag="040">
            <marc:subfield code="a">WCH</marc:subfield>
            <marc:subfield code="c">WCH</marc:subfield>
            <marc:subfield code="d">RES</marc:subfield>
          </marc:datafield>
          <marc:datafield ind1="0" ind2=" " tag="041">
            <marc:subfield code="d">kor</marc:subfield>
            <marc:subfield code="e">kor</marc:subfield>
            <marc:subfield code="g">kor</marc:subfield>
            <marc:subfield code="g">eng</marc:subfield>
          </marc:datafield>
          <marc:datafield ind1=" " ind2=" " tag="043">
            <marc:subfield code="a">a-ko---</marc:subfield>
          </marc:datafield>
          <marc:datafield ind1=" " ind2=" " tag="049">
            <marc:subfield code="a">RESM</marc:subfield>
          </marc:datafield>
          <marc:datafield ind1="1" ind2=" " tag="100">
            <marc:subfield code="6">880-01</marc:subfield>
            <marc:subfield code="a">Park, Bong-sul.</marc:subfield>
            <marc:subfield code="4">prf</marc:subfield>
          </marc:datafield>
          <marc:datafield ind1="1" ind2="0" tag="245">
            <marc:subfield code="6">880-02</marc:subfield>
            <marc:subfield code="a">Park Bong-sul's pansori</marc:subfield>
            <marc:subfield code="h">[sound recording] :</marc:subfield>
            <marc:subfield code="b">Chunhyangga.</marc:subfield>
          </marc:datafield>
          <marc:datafield ind1="1" ind2=" " tag="246">
            <marc:subfield code="i">Title on slipcase:</marc:subfield>
            <marc:subfield code="a">Late Park Bong-sul's pansori :</marc:subfield>
            <marc:subfield code="b">Chunhyangga</marc:subfield>
          </marc:datafield>
          <marc:datafield ind1="3" ind2="1" tag="246">
            <marc:subfield code="6">880-03</marc:subfield>
            <marc:subfield code="a">Chunhyangga</marc:subfield>
          </marc:datafield>
          <marc:datafield ind1="1" ind2=" " tag="246">
            <marc:subfield code="i">Alternate title on slipcase:</marc:subfield>
            <marc:subfield code="a">Song of Chunhyang</marc:subfield>
          </marc:datafield>
          <marc:datafield ind1=" " ind2=" " tag="260">
            <marc:subfield code="a">Seoul, Korea :</marc:subfield>
            <marc:subfield code="b">TOP,</marc:subfield>
            <marc:subfield code="c">[2005]</marc:subfield>
          </marc:datafield>
          <marc:datafield ind1=" " ind2=" " tag="300">
            <marc:subfield code="a">4 sound discs :</marc:subfield>
            <marc:subfield code="b">digital ;</marc:subfield>
            <marc:subfield code="c">4 3/4 in.</marc:subfield>
          </marc:datafield>
          <marc:datafield ind1=" " ind2=" " tag="500">
            <marc:subfield code="a">Compact discs; in 4 containers in slipcase.</marc:subfield>
          </marc:datafield>
          <marc:datafield ind1=" " ind2=" " tag="500">
            <marc:subfield code="a">Label on disc and container: Ministry of Culture, Sports and Tourism, Republic of Korea, 2008.</marc:subfield>
          </marc:datafield>
          <marc:datafield ind1=" " ind2=" " tag="500">
            <marc:subfield code="a">Program notes in Korean with partial English translation, and lyrics in Korean (80 p. : ill.) in container.</marc:subfield>
          </marc:datafield>
          <marc:datafield ind1="0" ind2=" " tag="511">
            <marc:subfield code="6">880-04</marc:subfield>
            <marc:subfield code="a">Park, Bong-sul, vocal ; Kim, Myeong-hwan, barrel drum.</marc:subfield>
          </marc:datafield>
          <marc:datafield ind1=" " ind2=" " tag="518">
            <marc:subfield code="a">Recorded Dec. 2, 1971.</marc:subfield>
          </marc:datafield>
          <marc:datafield ind1=" " ind2=" " tag="546">
            <marc:subfield code="a">Sung in Korean.</marc:subfield>
          </marc:datafield>
          <marc:datafield ind1=" " ind2="0" tag="650">
            <marc:subfield code="a">Ballads, Korean</marc:subfield>
            <marc:subfield code="z">Korea (South)</marc:subfield>
          </marc:datafield>
          <marc:datafield ind1=" " ind2="0" tag="650">
            <marc:subfield code="a">Folk music</marc:subfield>
            <marc:subfield code="z">Korea (South)</marc:subfield>
          </marc:datafield>
          <marc:datafield ind1=" " ind2="0" tag="650">
            <marc:subfield code="a">Pʻansori.</marc:subfield>
          </marc:datafield>
          <marc:datafield ind1=" " ind2="0" tag="651">
            <marc:subfield code="a">Korea (South)</marc:subfield>
            <marc:subfield code="v">Songs and music.</marc:subfield>
          </marc:datafield>
          <marc:datafield ind1="1" ind2=" " tag="700">
            <marc:subfield code="6">880-05</marc:subfield>
            <marc:subfield code="a">Kim, Myeong-hwan.</marc:subfield>
            <marc:subfield code="4">prf</marc:subfield>
          </marc:datafield>
          <marc:datafield ind1="1" ind2=" " tag="880">
            <marc:subfield code="6">100-01</marc:subfield>
            <marc:subfield code="a">박봉술.</marc:subfield>
            <marc:subfield code="4">prf</marc:subfield>
          </marc:datafield>
          <marc:datafield ind1="1" ind2="0" tag="880">
            <marc:subfield code="6">245-02</marc:subfield>
            <marc:subfield code="a">박봉술 춘향가 전집</marc:subfield>
            <marc:subfield code="h">[sound recording].</marc:subfield>
          </marc:datafield>
          <marc:datafield ind1="3" ind2="1" tag="880">
            <marc:subfield code="6">246-03</marc:subfield>
            <marc:subfield code="a">춘향가</marc:subfield>
          </marc:datafield>
          <marc:datafield ind1="0" ind2=" " tag="880">
            <marc:subfield code="6">511-04</marc:subfield>
            <marc:subfield code="a">박봉술, 창 ; 김명환, 고수.</marc:subfield>
          </marc:datafield>
          <marc:datafield ind1="1" ind2=" " tag="880">
            <marc:subfield code="6">700-05</marc:subfield>
            <marc:subfield code="a">김명환.</marc:subfield>
            <marc:subfield code="4">prf</marc:subfield>
          </marc:datafield>
          <marc:datafield ind1=" " ind2=" " tag="994">
            <marc:subfield code="a">C0</marc:subfield>
            <marc:subfield code="b">RES</marc:subfield>
          </marc:datafield>
          <marc:datafield tag="931" ind1=" " ind2=" ">
            <marc:subfield code="a">Sound</marc:subfield>
            <marc:subfield code="5">CHANGE_ME</marc:subfield>
          </marc:datafield>
          <marc:datafield tag="932" ind1=" " ind2=" ">
            <marc:subfield code="a">Musical sound recording</marc:subfield>
            <marc:subfield code="5">CHANGE_ME</marc:subfield>
          </marc:datafield>
          <marc:datafield tag="933" ind1=" " ind2=" ">
            <marc:subfield code="a">Sound recording</marc:subfield>
            <marc:subfield code="5">CHANGE_ME</marc:subfield>
          </marc:datafield>
          <marc:datafield tag="935" ind1=" " ind2=" ">
            <marc:subfield code="a">Monograph/Item</marc:subfield>
            <marc:subfield code="5">CHANGE_ME</marc:subfield>
          </marc:datafield>
          <marc:datafield tag="934" ind1=" " ind2=" ">
            <marc:subfield code="a">Sound disk</marc:subfield>
            <marc:subfield code="5">CHANGE_ME</marc:subfield>
          </marc:datafield>
          <marc:datafield tag="941" ind1=" " ind2=" ">
            <marc:subfield code="a">kor</marc:subfield>
            <marc:subfield code="5">CHANGE_ME</marc:subfield>
          </marc:datafield>
          <marc:datafield tag="943" ind1=" " ind2=" ">
            <marc:subfield code="a">Korean</marc:subfield>
            <marc:subfield code="5">CHANGE_ME</marc:subfield>
          </marc:datafield>
          <marc:datafield tag="035" ind1=" " ind2=" ">
            <marc:subfield code="a">(CHANGE_ME)4140867</marc:subfield>
          </marc:datafield>
          <marc:datafield tag="240" ind1="0" ind2="0">
            <marc:subfield code="a">Park Bong-sul's pansori</marc:subfield>
          </marc:datafield>
          <marc:datafield tag="965" ind1=" " ind2="0">
            <marc:subfield code="a">Ballads, Korean</marc:subfield>
            <marc:subfield code="5">CHANGE_ME</marc:subfield>
          </marc:datafield>
          <marc:datafield tag="965" ind1=" " ind2="0">
            <marc:subfield code="a">Folk music</marc:subfield>
            <marc:subfield code="5">CHANGE_ME</marc:subfield>
          </marc:datafield>
          <marc:datafield tag="967" ind1=" " ind2="0">
            <marc:subfield code="a">Korea (South)</marc:subfield>
            <marc:subfield code="5">CHANGE_ME</marc:subfield>
          </marc:datafield>
          <marc:datafield tag="969" ind1=" " ind2="0">
            <marc:subfield code="v">Songs and music.</marc:subfield>
            <marc:subfield code="5">CHANGE_ME</marc:subfield>
          </marc:datafield>
        </marc:record>
      </metadata>
    </record>