
    <record>
      <header>
        <identifier>oai:mst.rochester.edu:marcnormalization/92</identifier>
        <datestamp>2011-03-30T15:04:46Z</datestamp>
        <setSpec>MARCXMLbibliographic</setSpec>
        <setSpec>marcnormalization</setSpec>
      </header>
      <metadata>
        <marc:record xmlns:marc="http://www.loc.gov/MARC21/slim" xmlns:xsi="http://www.w3.org/2001/XMLSchema-instance" xsi:schemaLocation="http://www.loc.gov/MARC21/slim http://localhost:8080/OAIToolkit-0.6.10/schema/MARC21slim_custom.xsd">
          <marc:leader>01926cjm a2200433Ia 4500</marc:leader>
          <marc:controlfield tag="001">4141232</marc:controlfield>
          <marc:controlfield tag="005">20090714161737.0</marc:controlfield>
          <marc:controlfield tag="007">sd fungnnuuued</marc:controlfield>
          <marc:controlfield tag="003">CHANGE_ME</marc:controlfield>
          <marc:controlfield tag="008">050621s2004    ko mun   dg         kor d</marc:controlfield>
          <marc:datafield ind1="0" ind2="2" tag="028">
            <marc:subfield code="a">CNLR 0423/4-2</marc:subfield>
            <marc:subfield code="b">EMI</marc:subfield>
          </marc:datafield>
          <marc:datafield ind1=" " ind2=" " tag="035">
            <marc:subfield code="a">(OCoLC)60686332</marc:subfield>
          </marc:datafield>
          <marc:datafield ind1=" " ind2=" " tag="040">
            <marc:subfield code="a">JQW</marc:subfield>
            <marc:subfield code="c">JQW</marc:subfield>
            <marc:subfield code="d">COO</marc:subfield>
            <marc:subfield code="d">RES</marc:subfield>
          </marc:datafield>
          <marc:datafield ind1=" " ind2=" " tag="043">
            <marc:subfield code="a">a-kr---</marc:subfield>
          </marc:datafield>
          <marc:datafield ind1=" " ind2=" " tag="047">
            <marc:subfield code="a">fm</marc:subfield>
            <marc:subfield code="a">sg</marc:subfield>
          </marc:datafield>
          <marc:datafield ind1=" " ind2=" " tag="049">
            <marc:subfield code="a">RESM</marc:subfield>
          </marc:datafield>
          <marc:datafield ind1="1" ind2=" " tag="100">
            <marc:subfield code="6">880-01</marc:subfield>
            <marc:subfield code="a">Kang, Kwŏn-sun.</marc:subfield>
            <marc:subfield code="4">prf</marc:subfield>
          </marc:datafield>
          <marc:datafield ind1="1" ind2="0" tag="245">
            <marc:subfield code="6">880-02</marc:subfield>
            <marc:subfield code="a">Chʻŏlloe</marc:subfield>
            <marc:subfield code="h">[sound recording] :</marc:subfield>
            <marc:subfield code="b">Hanŭl ŭi sori /</marc:subfield>
            <marc:subfield code="c">Kang Kwŏn-sun yŏchʻang kagok = Sounds of heaven / Kang, Kwon Soon female gagok.</marc:subfield>
          </marc:datafield>
          <marc:datafield ind1="3" ind2=" " tag="246">
            <marc:subfield code="6">880-03</marc:subfield>
            <marc:subfield code="a">Chʻŏn noe</marc:subfield>
          </marc:datafield>
          <marc:datafield ind1="3" ind2="0" tag="246">
            <marc:subfield code="6">880-04</marc:subfield>
            <marc:subfield code="a">Hanŭl ŭi sori</marc:subfield>
          </marc:datafield>
          <marc:datafield ind1="3" ind2="0" tag="246">
            <marc:subfield code="6">880-05</marc:subfield>
            <marc:subfield code="a">Yŏchʻang kagok</marc:subfield>
          </marc:datafield>
          <marc:datafield ind1="3" ind2="0" tag="246">
            <marc:subfield code="a">Female gagok</marc:subfield>
          </marc:datafield>
          <marc:datafield ind1="3" ind2="1" tag="246">
            <marc:subfield code="a">Sounds of Heaven</marc:subfield>
          </marc:datafield>
          <marc:datafield ind1=" " ind2=" " tag="260">
            <marc:subfield code="a">Korea :</marc:subfield>
            <marc:subfield code="b">EMI,</marc:subfield>
            <marc:subfield code="c">p2004.</marc:subfield>
          </marc:datafield>
          <marc:datafield ind1=" " ind2=" " tag="300">
            <marc:subfield code="a">2 sound discs :</marc:subfield>
            <marc:subfield code="b">digital ;</marc:subfield>
            <marc:subfield code="c">4 3/4 in.</marc:subfield>
          </marc:datafield>
          <marc:datafield ind1=" " ind2=" " tag="500">
            <marc:subfield code="a">Compact disc.</marc:subfield>
          </marc:datafield>
          <marc:datafield ind1=" " ind2=" " tag="500">
            <marc:subfield code="a">Program notes in Korean and English (55 p.) in container.</marc:subfield>
          </marc:datafield>
          <marc:datafield ind1=" " ind2=" " tag="500">
            <marc:subfield code="a">Label on disc and container: Ministry of Culture, Sports and Tourism, Republic of Korea, 2008.</marc:subfield>
          </marc:datafield>
          <marc:datafield ind1="0" ind2="0" tag="505">
            <marc:subfield code="g">CD 1:</marc:subfield>
            <marc:subfield code="t">Ujo isu taeyŏp --</marc:subfield>
            <marc:subfield code="t">Ujo chunggŏ --</marc:subfield>
            <marc:subfield code="t">Ujo pʻyonggŏ --</marc:subfield>
            <marc:subfield code="t">Ujo Tugŏ --</marc:subfield>
            <marc:subfield code="t">Panu Pangye Panyŏp --</marc:subfield>
            <marc:subfield code="t">Kyemyŏnjo isu taeyŏp --</marc:subfield>
            <marc:subfield code="t">Kyemyŏnjo chunggŏ.</marc:subfield>
            <marc:subfield code="g">CD 2.</marc:subfield>
            <marc:subfield code="t">Kyemyŏnjo pʻyŏnggŏ --</marc:subfield>
            <marc:subfield code="t">Kyemyŏnjo tugŏ --</marc:subfield>
            <marc:subfield code="t">Ujoro tonŭn pʻyŏngnong --</marc:subfield>
            <marc:subfield code="t">Ujo Urak --</marc:subfield>
            <marc:subfield code="t">Panu Panʼgye hwangyerak --</marc:subfield>
            <marc:subfield code="t">Kyemyŏnjo kyerak --</marc:subfield>
            <marc:subfield code="t">Kyemyŏnjo pʻyŏnsu taeyŏp --</marc:subfield>
            <marc:subfield code="t">Kyemyŏnjo tʻaepʻyŏngga --</marc:subfield>
            <marc:subfield code="t">Kyemyŏnjo pʻyŏngnong.</marc:subfield>
          </marc:datafield>
          <marc:datafield ind1=" " ind2=" " tag="546">
            <marc:subfield code="a">Sung in Korean.</marc:subfield>
          </marc:datafield>
          <marc:datafield ind1=" " ind2="0" tag="650">
            <marc:subfield code="a">Folk music</marc:subfield>
            <marc:subfield code="z">Korea.</marc:subfield>
          </marc:datafield>
          <marc:datafield ind1=" " ind2="0" tag="650">
            <marc:subfield code="a">Songs, Korean.</marc:subfield>
          </marc:datafield>
          <marc:datafield ind1="1" ind2=" " tag="880">
            <marc:subfield code="6">100-01</marc:subfield>
            <marc:subfield code="a">강 권순.</marc:subfield>
          </marc:datafield>
          <marc:datafield ind1="1" ind2="0" tag="880">
            <marc:subfield code="6">245-02</marc:subfield>
            <marc:subfield code="a">天瀨</marc:subfield>
            <marc:subfield code="h">[sound recording] :</marc:subfield>
            <marc:subfield code="b">하늘의 소리 /</marc:subfield>
            <marc:subfield code="c">강권순 여창 가곡 = Sounds of heaven / Kang, Kwon Soon female gagok.</marc:subfield>
          </marc:datafield>
          <marc:datafield ind1="3" ind2=" " tag="880">
            <marc:subfield code="6">246-03</marc:subfield>
            <marc:subfield code="a">天瀨</marc:subfield>
          </marc:datafield>
          <marc:datafield ind1="3" ind2="0" tag="880">
            <marc:subfield code="6">246-04</marc:subfield>
            <marc:subfield code="a">하늘의 소리</marc:subfield>
          </marc:datafield>
          <marc:datafield ind1="3" ind2="0" tag="880">
            <marc:subfield code="6">246-05</marc:subfield>
            <marc:subfield code="a">여창 가곡</marc:subfield>
          </marc:datafield>
          <marc:datafield ind1=" " ind2=" " tag="994">
            <marc:subfield code="a">C0</marc:subfield>
            <marc:subfield code="b">RES</marc:subfield>
          </marc:datafield>
          <marc:datafield tag="931" ind1=" " ind2=" ">
            <marc:subfield code="a">Sound</marc:subfield>
            <marc:subfield code="5">CHANGE_ME</marc:subfield>
          </marc:datafield>
          <marc:datafield tag="932" ind1=" " ind2=" ">
            <marc:subfield code="a">Musical sound recording</marc:subfield>
            <marc:subfield code="5">CHANGE_ME</marc:subfield>
          </marc:datafield>
          <marc:datafield tag="933" ind1=" " ind2=" ">
            <marc:subfield code="a">Sound recording</marc:subfield>
            <marc:subfield code="5">CHANGE_ME</marc:subfield>
          </marc:datafield>
          <marc:datafield tag="935" ind1=" " ind2=" ">
            <marc:subfield code="a">Monograph/Item</marc:subfield>
            <marc:subfield code="5">CHANGE_ME</marc:subfield>
          </marc:datafield>
          <marc:datafield tag="934" ind1=" " ind2=" ">
            <marc:subfield code="a">Sound disk</marc:subfield>
            <marc:subfield code="5">CHANGE_ME</marc:subfield>
          </marc:datafield>
          <marc:datafield tag="941" ind1=" " ind2=" ">
            <marc:subfield code="a">kor</marc:subfield>
            <marc:subfield code="5">CHANGE_ME</marc:subfield>
          </marc:datafield>
          <marc:datafield tag="943" ind1=" " ind2=" ">
            <marc:subfield code="a">Korean</marc:subfield>
            <marc:subfield code="5">CHANGE_ME</marc:subfield>
          </marc:datafield>
          <marc:datafield tag="035" ind1=" " ind2=" ">
            <marc:subfield code="a">(CHANGE_ME)4141232</marc:subfield>
          </marc:datafield>
          <marc:datafield tag="240" ind1="0" ind2="0">
            <marc:subfield code="a">Chʻŏlloe</marc:subfield>
          </marc:datafield>
          <marc:datafield tag="965" ind1=" " ind2="0">
            <marc:subfield code="a">Folk music</marc:subfield>
            <marc:subfield code="5">CHANGE_ME</marc:subfield>
          </marc:datafield>
          <marc:datafield tag="967" ind1=" " ind2="0">
            <marc:subfield code="z">Korea.</marc:subfield>
            <marc:subfield code="5">CHANGE_ME</marc:subfield>
          </marc:datafield>
        </marc:record>
      </metadata>
    </record>