
    <record>
      <header>
        <identifier>oai:mst.rochester.edu:marcnormalization/93</identifier>
        <datestamp>2011-03-30T15:04:46Z</datestamp>
        <setSpec>MARCXMLbibliographic</setSpec>
        <setSpec>marcnormalization</setSpec>
      </header>
      <metadata>
        <marc:record xmlns:marc="http://www.loc.gov/MARC21/slim" xmlns:xsi="http://www.w3.org/2001/XMLSchema-instance" xsi:schemaLocation="http://www.loc.gov/MARC21/slim http://localhost:8080/OAIToolkit-0.6.10/schema/MARC21slim_custom.xsd">
          <marc:leader>03593cam a2200493 i 4500</marc:leader>
          <marc:controlfield tag="001">4574922</marc:controlfield>
          <marc:controlfield tag="005">20110119124845.0</marc:controlfield>
          <marc:controlfield tag="008">100924s2010    gw a     b    101 0 ger c</marc:controlfield>
          <marc:controlfield tag="003">CHANGE_ME</marc:controlfield>
          <marc:datafield ind1=" " ind2=" " tag="010">
            <marc:subfield code="a">  2010554019</marc:subfield>
          </marc:datafield>
          <marc:datafield ind1=" " ind2=" " tag="015">
            <marc:subfield code="a">10,N34</marc:subfield>
            <marc:subfield code="2">dnb</marc:subfield>
          </marc:datafield>
          <marc:datafield ind1="7" ind2=" " tag="016">
            <marc:subfield code="a">1005801347</marc:subfield>
            <marc:subfield code="2">DE-101</marc:subfield>
          </marc:datafield>
          <marc:datafield ind1=" " ind2=" " tag="020">
            <marc:subfield code="a">9783487144634 (pbk.)</marc:subfield>
          </marc:datafield>
          <marc:datafield ind1=" " ind2=" " tag="020">
            <marc:subfield code="a">3487144638 (pbk.)</marc:subfield>
          </marc:datafield>
          <marc:datafield ind1=" " ind2=" " tag="035">
            <marc:subfield code="a">(OCoLC)666218590</marc:subfield>
          </marc:datafield>
          <marc:datafield ind1=" " ind2=" " tag="040">
            <marc:subfield code="a">OHX</marc:subfield>
            <marc:subfield code="e">rda</marc:subfield>
            <marc:subfield code="b">eng</marc:subfield>
            <marc:subfield code="c">OHX</marc:subfield>
            <marc:subfield code="d">DLC</marc:subfield>
            <marc:subfield code="d">CGU</marc:subfield>
            <marc:subfield code="d">GWDNB</marc:subfield>
            <marc:subfield code="d">HMU</marc:subfield>
            <marc:subfield code="d">RES</marc:subfield>
          </marc:datafield>
          <marc:datafield ind1="0" ind2=" " tag="041">
            <marc:subfield code="a">ger</marc:subfield>
            <marc:subfield code="a">eng</marc:subfield>
          </marc:datafield>
          <marc:datafield ind1=" " ind2=" " tag="042">
            <marc:subfield code="a">lccopycat</marc:subfield>
            <marc:subfield code="a">pcc</marc:subfield>
          </marc:datafield>
          <marc:datafield ind1=" " ind2=" " tag="049">
            <marc:subfield code="a">RESM</marc:subfield>
          </marc:datafield>
          <marc:datafield ind1="0" ind2="0" tag="050">
            <marc:subfield code="a">ML240</marc:subfield>
            <marc:subfield code="b">.M892 2010</marc:subfield>
          </marc:datafield>
          <marc:datafield ind1=" " ind2="7" tag="072">
            <marc:subfield code="a">ML</marc:subfield>
            <marc:subfield code="2">lcco</marc:subfield>
          </marc:datafield>
          <marc:datafield ind1="0" ind2="4" tag="082">
            <marc:subfield code="a">780.904</marc:subfield>
            <marc:subfield code="2">DDC22ger</marc:subfield>
          </marc:datafield>
          <marc:datafield ind1=" " ind2=" " tag="084">
            <marc:subfield code="a">780</marc:subfield>
            <marc:subfield code="2">GyFmDB</marc:subfield>
          </marc:datafield>
          <marc:datafield ind1="0" ind2="0" tag="245">
            <marc:subfield code="a">Musikleben des 19. Jahrhunderts im nördlichen Europa :</marc:subfield>
            <marc:subfield code="b">Strukturen und Prozesse = 19th-century musical life in northern Europe : structures and processes /</marc:subfield>
            <marc:subfield code="c">herausgegeben von Toomas Siitan, Kristel Pappel und Anu Sõõro.</marc:subfield>
          </marc:datafield>
          <marc:datafield ind1="3" ind2="1" tag="246">
            <marc:subfield code="a">19th-century musical life in northern Europe :</marc:subfield>
            <marc:subfield code="b">structures and processes</marc:subfield>
          </marc:datafield>
          <marc:datafield ind1="3" ind2=" " tag="246">
            <marc:subfield code="a">Musikleben des neunzehnten Jahrhunderts im nördlichen Europa</marc:subfield>
          </marc:datafield>
          <marc:datafield ind1=" " ind2=" " tag="260">
            <marc:subfield code="a">Hildesheim ;</marc:subfield>
            <marc:subfield code="a">New York :</marc:subfield>
            <marc:subfield code="b">Georg Olms Verlag,</marc:subfield>
            <marc:subfield code="c">2010.</marc:subfield>
          </marc:datafield>
          <marc:datafield ind1=" " ind2=" " tag="300">
            <marc:subfield code="a">331 p. :</marc:subfield>
            <marc:subfield code="b">ill. ;</marc:subfield>
            <marc:subfield code="c">21 cm.</marc:subfield>
          </marc:datafield>
          <marc:datafield ind1=" " ind2=" " tag="336">
            <marc:subfield code="a">text</marc:subfield>
            <marc:subfield code="2">rdacontent</marc:subfield>
          </marc:datafield>
          <marc:datafield ind1=" " ind2=" " tag="337">
            <marc:subfield code="a">unmediated</marc:subfield>
            <marc:subfield code="2">rdamedia</marc:subfield>
          </marc:datafield>
          <marc:datafield ind1=" " ind2=" " tag="338">
            <marc:subfield code="a">volume</marc:subfield>
            <marc:subfield code="2">rdacarrier</marc:subfield>
          </marc:datafield>
          <marc:datafield ind1="1" ind2=" " tag="490">
            <marc:subfield code="a">Studien und Materialien zur Musikwissenschaft ;</marc:subfield>
            <marc:subfield code="v">Band 60</marc:subfield>
          </marc:datafield>
          <marc:datafield ind1=" " ind2=" " tag="500">
            <marc:subfield code="a">International conference proceedings, October 2008, Tallinn.</marc:subfield>
          </marc:datafield>
          <marc:datafield ind1=" " ind2=" " tag="504">
            <marc:subfield code="a">Includes bibliographical references and index.</marc:subfield>
          </marc:datafield>
          <marc:datafield ind1="0" ind2=" " tag="505">
            <marc:subfield code="a">Musikalische Identität und Chorbewegung. Der deutschbaltische und der estnische Kulturraum im Estland und Livland der zweiten Hälfte des 19. Jahrhunderts : Gesangvereine und Identitätsbildung / Toomas Siitan ; The English heroine versus the Celtic muse : perceptions of gender and nationalism in domestic music-making of the 19th century / Elaine Kelly ; O sendet eure Töne der goldnen Zukunft zu! Friedrich Rückerts Appell an die Teilnehmer des Ersten Deutschen Sängerbundesfestes in Dresden 1865 / Friedhelm Brusniak -- Musiktheater. Das Musiktheater Richard Wagners und die deutschbaltische Identitätsfindung / Kristel Pappel ; Richard Wagner und Karl von Holtei : eine Rekonstruktion ihrer gemeinsamen Rigaer Zeit von 1837 bis 1839 / Martin Knust ; Heinrich Ludwig Egmont Dorn, Carl Kossmaly und die Wagner-Publizistik im Ostseeraum / Andreas Waczkat ; Immer lustig keck und froh : Charles Lecocq und die französische Operette im deutschen Sprachraum / Albert Gier ; Aspects concerning the institutionalisation of Swedish musical life in the 19th century and the case of grand opéra in Stockholm / Owe Ander ; Music for the theater : music for wind octets / Ann-Marie Nilsson -- Musikleben der Städte. Leipzig, die bürgerliche Musikstadt / Helmut Loos ; Musikverleger als Konzertveranstalter : das Beispiel Schumanns / Michael Heinemann ; Fredrik Pacius's role in the Finnish musical life in the middle of the 19th century / Matti Vainio ; Emmy Achté's tactics for the Concours at the Paris Conservatoire / Ulla-Britta Broman-Kananen ; The restless and searching spirit of the 1890s : Berlioz's La damnation de Faust in Helsinki / Helena Tyrväinen.</marc:subfield>
          </marc:datafield>
          <marc:datafield ind1=" " ind2=" " tag="546">
            <marc:subfield code="a">Materials in German and English.</marc:subfield>
          </marc:datafield>
          <marc:datafield ind1=" " ind2="0" tag="650">
            <marc:subfield code="a">Music</marc:subfield>
            <marc:subfield code="z">Europe, Northern</marc:subfield>
            <marc:subfield code="y">19th century</marc:subfield>
            <marc:subfield code="v">Congresses.</marc:subfield>
          </marc:datafield>
          <marc:datafield ind1=" " ind2="0" tag="650">
            <marc:subfield code="a">Musical theater</marc:subfield>
            <marc:subfield code="z">Europe, Northern</marc:subfield>
            <marc:subfield code="y">19th century</marc:subfield>
            <marc:subfield code="v">Congresses.</marc:subfield>
          </marc:datafield>
          <marc:datafield ind1="1" ind2=" " tag="700">
            <marc:subfield code="a">Siitan, Toomas.</marc:subfield>
          </marc:datafield>
          <marc:datafield ind1="1" ind2=" " tag="700">
            <marc:subfield code="a">Pappel, Kristel.</marc:subfield>
          </marc:datafield>
          <marc:datafield ind1="1" ind2=" " tag="700">
            <marc:subfield code="a">Sõõro, Anu.</marc:subfield>
          </marc:datafield>
          <marc:datafield ind1=" " ind2="0" tag="830">
            <marc:subfield code="a">Studien und Materialien zur Musikwissenschaft ;</marc:subfield>
            <marc:subfield code="v">Bd. 60.</marc:subfield>
          </marc:datafield>
          <marc:datafield ind1=" " ind2=" " tag="938">
            <marc:subfield code="a">Otto Harrassowitz</marc:subfield>
            <marc:subfield code="b">HARR</marc:subfield>
            <marc:subfield code="n">har100117408</marc:subfield>
          </marc:datafield>
          <marc:datafield ind1=" " ind2=" " tag="994">
            <marc:subfield code="a">C0</marc:subfield>
            <marc:subfield code="b">RES</marc:subfield>
          </marc:datafield>
          <marc:datafield tag="931" ind1=" " ind2=" ">
            <marc:subfield code="a">Text</marc:subfield>
            <marc:subfield code="5">CHANGE_ME</marc:subfield>
          </marc:datafield>
          <marc:datafield tag="932" ind1=" " ind2=" ">
            <marc:subfield code="a">Language material</marc:subfield>
            <marc:subfield code="5">CHANGE_ME</marc:subfield>
          </marc:datafield>
          <marc:datafield tag="933" ind1=" " ind2=" ">
            <marc:subfield code="a">Text</marc:subfield>
            <marc:subfield code="5">CHANGE_ME</marc:subfield>
          </marc:datafield>
          <marc:datafield tag="935" ind1=" " ind2=" ">
            <marc:subfield code="a">Monograph/Item</marc:subfield>
            <marc:subfield code="5">CHANGE_ME</marc:subfield>
          </marc:datafield>
          <marc:datafield tag="937" ind1=" " ind2=" ">
            <marc:subfield code="a">Non-Fiction</marc:subfield>
            <marc:subfield code="5">CHANGE_ME</marc:subfield>
          </marc:datafield>
          <marc:datafield tag="941" ind1=" " ind2=" ">
            <marc:subfield code="a">ger</marc:subfield>
            <marc:subfield code="5">CHANGE_ME</marc:subfield>
          </marc:datafield>
          <marc:datafield tag="941" ind1=" " ind2=" ">
            <marc:subfield code="a">eng</marc:subfield>
            <marc:subfield code="5">CHANGE_ME</marc:subfield>
          </marc:datafield>
          <marc:datafield tag="943" ind1=" " ind2=" ">
            <marc:subfield code="a">German</marc:subfield>
            <marc:subfield code="5">CHANGE_ME</marc:subfield>
          </marc:datafield>
          <marc:datafield tag="943" ind1=" " ind2=" ">
            <marc:subfield code="a">English</marc:subfield>
            <marc:subfield code="5">CHANGE_ME</marc:subfield>
          </marc:datafield>
          <marc:datafield tag="947" ind1=" " ind2=" ">
            <marc:subfield code="a">9783487144634 </marc:subfield>
            <marc:subfield code="5">CHANGE_ME</marc:subfield>
          </marc:datafield>
          <marc:datafield tag="947" ind1=" " ind2=" ">
            <marc:subfield code="a">3487144638 </marc:subfield>
            <marc:subfield code="5">CHANGE_ME</marc:subfield>
          </marc:datafield>
          <marc:datafield tag="035" ind1=" " ind2=" ">
            <marc:subfield code="a">(CHANGE_ME)4574922</marc:subfield>
          </marc:datafield>
          <marc:datafield tag="130" ind1="0" ind2=" ">
            <marc:subfield code="a">Musikleben des 19. Jahrhunderts im nördlichen Europa :</marc:subfield>
          </marc:datafield>
          <marc:datafield tag="965" ind1=" " ind2="0">
            <marc:subfield code="a">Music</marc:subfield>
            <marc:subfield code="5">CHANGE_ME</marc:subfield>
          </marc:datafield>
          <marc:datafield tag="965" ind1=" " ind2="0">
            <marc:subfield code="a">Musical theater</marc:subfield>
            <marc:subfield code="5">CHANGE_ME</marc:subfield>
          </marc:datafield>
          <marc:datafield tag="963" ind1=" " ind2="0">
            <marc:subfield code="y">19th century</marc:subfield>
            <marc:subfield code="5">CHANGE_ME</marc:subfield>
          </marc:datafield>
          <marc:datafield tag="967" ind1=" " ind2="0">
            <marc:subfield code="z">Europe, Northern</marc:subfield>
            <marc:subfield code="5">CHANGE_ME</marc:subfield>
          </marc:datafield>
          <marc:datafield tag="969" ind1=" " ind2="0">
            <marc:subfield code="v">Congresses.</marc:subfield>
            <marc:subfield code="5">CHANGE_ME</marc:subfield>
          </marc:datafield>
        </marc:record>
      </metadata>
    </record>