
    <record>
      <header>
        <identifier>oai:mst.rochester.edu:marcnormalization/101</identifier>
        <datestamp>2011-03-30T15:04:46Z</datestamp>
        <setSpec>MARCXMLbibliographic</setSpec>
        <setSpec>marcnormalization</setSpec>
      </header>
      <metadata>
        <marc:record xmlns:marc="http://www.loc.gov/MARC21/slim" xmlns:xsi="http://www.w3.org/2001/XMLSchema-instance" xsi:schemaLocation="http://www.loc.gov/MARC21/slim http://localhost:8080/OAIToolkit-0.6.10/schema/MARC21slim_custom.xsd">
          <marc:leader>00926nam a2200313 a 4500</marc:leader>
          <marc:controlfield tag="001">997819</marc:controlfield>
          <marc:controlfield tag="008">870123s1985    fr            000 0 fre  </marc:controlfield>
          <marc:datafield ind1=" " ind2=" " tag="010">
            <marc:subfield code="a">   86127679 </marc:subfield>
          </marc:datafield>
          <marc:controlfield tag="003">CHANGE_ME</marc:controlfield>
          <marc:datafield ind1=" " ind2=" " tag="020">
            <marc:subfield code="a">2905372044 :</marc:subfield>
            <marc:subfield code="c">65.00F</marc:subfield>
          </marc:datafield>
          <marc:datafield ind1=" " ind2=" " tag="035">
            <marc:subfield code="a">(OCoLC)15221943</marc:subfield>
          </marc:datafield>
          <marc:datafield ind1=" " ind2=" " tag="035">
            <marc:subfield code="9">00942870</marc:subfield>
          </marc:datafield>
          <marc:datafield ind1=" " ind2=" " tag="040">
            <marc:subfield code="a">DLC</marc:subfield>
            <marc:subfield code="c">DLC</marc:subfield>
            <marc:subfield code="d">m/c</marc:subfield>
            <marc:subfield code="d">RRR</marc:subfield>
          </marc:datafield>
          <marc:datafield ind1=" " ind2=" " tag="043">
            <marc:subfield code="a">a-is---</marc:subfield>
            <marc:subfield code="a">ma-----</marc:subfield>
          </marc:datafield>
          <marc:datafield ind1=" " ind2=" " tag="049">
            <marc:subfield code="a">RRRR</marc:subfield>
          </marc:datafield>
          <marc:datafield ind1="0" ind2=" " tag="050">
            <marc:subfield code="a">DS119.7</marc:subfield>
            <marc:subfield code="b">.K4417 1985</marc:subfield>
          </marc:datafield>
          <marc:datafield ind1=" " ind2=" " tag="099">
            <marc:subfield code="a">DS119.7 .K4417 1985</marc:subfield>
          </marc:datafield>
          <marc:datafield ind1="1" ind2=" " tag="100">
            <marc:subfield code="a">Khatibi, Abdelkebir,</marc:subfield>
            <marc:subfield code="d">1938-</marc:subfield>
            <marc:subfield code="4">aut</marc:subfield>
          </marc:datafield>
          <marc:datafield ind1="1" ind2="3" tag="245">
            <marc:subfield code="a">Le même livre /</marc:subfield>
            <marc:subfield code="c">Abdelkebir Khatibi, Jacques Hassoun.</marc:subfield>
          </marc:datafield>
          <marc:datafield ind1=" " ind2=" " tag="260">
            <marc:subfield code="a">Paris :</marc:subfield>
            <marc:subfield code="b">Editions de l'Eclat,</marc:subfield>
            <marc:subfield code="c">c1985.</marc:subfield>
          </marc:datafield>
          <marc:datafield ind1=" " ind2=" " tag="300">
            <marc:subfield code="a">165 p. ;</marc:subfield>
            <marc:subfield code="c">19 cm.</marc:subfield>
          </marc:datafield>
          <marc:datafield ind1="1" ind2=" " tag="490">
            <marc:subfield code="a">Paraboles</marc:subfield>
          </marc:datafield>
          <marc:datafield ind1="1" ind2="0" tag="600">
            <marc:subfield code="a">Khatibi, Abdelkebir,</marc:subfield>
            <marc:subfield code="d">1938-</marc:subfield>
            <marc:subfield code="x">Correspondence.</marc:subfield>
          </marc:datafield>
          <marc:datafield ind1="1" ind2="0" tag="600">
            <marc:subfield code="a">Hassoun, Jacques</marc:subfield>
            <marc:subfield code="x">Correspondence.</marc:subfield>
          </marc:datafield>
          <marc:datafield ind1=" " ind2="0" tag="650">
            <marc:subfield code="a">Jewish-Arab relations.</marc:subfield>
          </marc:datafield>
          <marc:datafield ind1="1" ind2=" " tag="700">
            <marc:subfield code="a">Hassoun, Jacques.</marc:subfield>
          </marc:datafield>
          <marc:datafield ind1=" " ind2="0" tag="830">
            <marc:subfield code="a">Paraboles</marc:subfield>
          </marc:datafield>
          <marc:datafield ind1=" " ind2=" " tag="910">
            <marc:subfield code="a">950906</marc:subfield>
          </marc:datafield>
          <marc:datafield ind1=" " ind2=" " tag="911">
            <marc:subfield code="a">p</marc:subfield>
          </marc:datafield>
          <marc:datafield ind1=" " ind2=" " tag="966">
            <marc:subfield code="l">Stack</marc:subfield>
            <marc:subfield code="m">RMON</marc:subfield>
            <marc:subfield code="s">DS119.7 .K4417 1985</marc:subfield>
            <marc:subfield code="b">39087012224384</marc:subfield>
          </marc:datafield>
          <marc:datafield tag="931" ind1=" " ind2=" ">
            <marc:subfield code="a">Text</marc:subfield>
            <marc:subfield code="5">CHANGE_ME</marc:subfield>
          </marc:datafield>
          <marc:datafield tag="932" ind1=" " ind2=" ">
            <marc:subfield code="a">Language material</marc:subfield>
            <marc:subfield code="5">CHANGE_ME</marc:subfield>
          </marc:datafield>
          <marc:datafield tag="933" ind1=" " ind2=" ">
            <marc:subfield code="a">Text</marc:subfield>
            <marc:subfield code="5">CHANGE_ME</marc:subfield>
          </marc:datafield>
          <marc:datafield tag="935" ind1=" " ind2=" ">
            <marc:subfield code="a">Monograph/Item</marc:subfield>
            <marc:subfield code="5">CHANGE_ME</marc:subfield>
          </marc:datafield>
          <marc:datafield tag="937" ind1=" " ind2=" ">
            <marc:subfield code="a">Non-Fiction</marc:subfield>
            <marc:subfield code="5">CHANGE_ME</marc:subfield>
          </marc:datafield>
          <marc:datafield tag="941" ind1=" " ind2=" ">
            <marc:subfield code="a">fre</marc:subfield>
            <marc:subfield code="5">CHANGE_ME</marc:subfield>
          </marc:datafield>
          <marc:datafield tag="943" ind1=" " ind2=" ">
            <marc:subfield code="a">French</marc:subfield>
            <marc:subfield code="5">CHANGE_ME</marc:subfield>
          </marc:datafield>
          <marc:datafield tag="947" ind1=" " ind2=" ">
            <marc:subfield code="a">2905372044 </marc:subfield>
            <marc:subfield code="5">CHANGE_ME</marc:subfield>
          </marc:datafield>
          <marc:datafield tag="035" ind1=" " ind2=" ">
            <marc:subfield code="a">(CHANGE_ME)997819</marc:subfield>
          </marc:datafield>
          <marc:datafield tag="240" ind1="0" ind2="0">
            <marc:subfield code="a">Même livre /</marc:subfield>
          </marc:datafield>
          <marc:datafield tag="965" ind1="1" ind2="0">
            <marc:subfield code="a">Khatibi, Abdelkebir,</marc:subfield>
            <marc:subfield code="d">1938-</marc:subfield>
            <marc:subfield code="5">CHANGE_ME</marc:subfield>
          </marc:datafield>
          <marc:datafield tag="965" ind1="1" ind2="0">
            <marc:subfield code="a">Hassoun, Jacques</marc:subfield>
            <marc:subfield code="5">CHANGE_ME</marc:subfield>
          </marc:datafield>
          <marc:datafield tag="965" ind1="1" ind2="0">
            <marc:subfield code="x">Correspondence.</marc:subfield>
            <marc:subfield code="5">CHANGE_ME</marc:subfield>
          </marc:datafield>
          <marc:datafield tag="246" ind1="3" ind2="0">
            <marc:subfield code="a">Même livre /</marc:subfield>
          </marc:datafield>
        </marc:record>
      </metadata>
    </record>