
    <record>
      <header>
        <identifier>oai:mst.rochester.edu:marcnormalization/102</identifier>
        <datestamp>2011-03-30T15:04:46Z</datestamp>
        <setSpec>MARCXMLbibliographic</setSpec>
        <setSpec>marcnormalization</setSpec>
      </header>
      <metadata>
        <marc:record xmlns:marc="http://www.loc.gov/MARC21/slim" xmlns:xsi="http://www.w3.org/2001/XMLSchema-instance" xsi:schemaLocation="http://www.loc.gov/MARC21/slim http://localhost:8080/OAIToolkit-0.6.10/schema/MARC21slim_custom.xsd">
          <marc:leader>01202cam a2200337Ia 4500</marc:leader>
          <marc:controlfield tag="001">2584784</marc:controlfield>
          <marc:controlfield tag="005">20040505115358.0</marc:controlfield>
          <marc:controlfield tag="008">040219s2003    tu a     c    000 0 tur d</marc:controlfield>
          <marc:controlfield tag="003">CHANGE_ME</marc:controlfield>
          <marc:datafield ind1=" " ind2=" " tag="020">
            <marc:subfield code="a">9757363316</marc:subfield>
          </marc:datafield>
          <marc:datafield ind1=" " ind2=" " tag="035">
            <marc:subfield code="a">(OCoLC)54465749</marc:subfield>
          </marc:datafield>
          <marc:datafield ind1=" " ind2=" " tag="040">
            <marc:subfield code="a">UAT</marc:subfield>
            <marc:subfield code="c">UAT</marc:subfield>
            <marc:subfield code="d">IXA</marc:subfield>
            <marc:subfield code="d">RRR</marc:subfield>
          </marc:datafield>
          <marc:datafield ind1=" " ind2=" " tag="049">
            <marc:subfield code="a">RRRR</marc:subfield>
          </marc:datafield>
          <marc:datafield ind1=" " ind2="4" tag="050">
            <marc:subfield code="a">N6488.T9</marc:subfield>
            <marc:subfield code="b">I78 2003</marc:subfield>
          </marc:datafield>
          <marc:datafield ind1="2" ind2=" " tag="111">
            <marc:subfield code="a">International Istanbul biennial</marc:subfield>
            <marc:subfield code="n">(8th :</marc:subfield>
            <marc:subfield code="d">2003)</marc:subfield>
            <marc:subfield code="4">aut</marc:subfield>
          </marc:datafield>
          <marc:datafield ind1="1" ind2="0" tag="245">
            <marc:subfield code="a">8. Uluslararasi Istanbul Bienali :</marc:subfield>
            <marc:subfield code="b">Bienal 20 Eylül-16 Kasim 2003 = 8th International Istanbul Biennial, Bienal, September 20-November 16 2003.</marc:subfield>
          </marc:datafield>
          <marc:datafield ind1="3" ind2=" " tag="246">
            <marc:subfield code="a">Sekiz Uluslararasi Istanbul Bienali</marc:subfield>
          </marc:datafield>
          <marc:datafield ind1="3" ind2="0" tag="246">
            <marc:subfield code="a">Bienal</marc:subfield>
          </marc:datafield>
          <marc:datafield ind1="3" ind2="1" tag="246">
            <marc:subfield code="a">8th international Istanbul Biennial</marc:subfield>
          </marc:datafield>
          <marc:datafield ind1="3" ind2="0" tag="246">
            <marc:subfield code="a">Uluslararasi Istanbul Bienali</marc:subfield>
          </marc:datafield>
          <marc:datafield ind1="3" ind2="0" tag="246">
            <marc:subfield code="a">International Istanbul Biennial</marc:subfield>
          </marc:datafield>
          <marc:datafield ind1="1" ind2="4" tag="246">
            <marc:subfield code="a">Şiirsel adalet</marc:subfield>
          </marc:datafield>
          <marc:datafield ind1="1" ind2="4" tag="246">
            <marc:subfield code="a">Poetic justice</marc:subfield>
          </marc:datafield>
          <marc:datafield ind1="1" ind2="8" tag="246">
            <marc:subfield code="a">Biennial 8</marc:subfield>
          </marc:datafield>
          <marc:datafield ind1=" " ind2=" " tag="260">
            <marc:subfield code="a">Istanbul :</marc:subfield>
            <marc:subfield code="b">Istanbul Foundation for Culture and Arts,</marc:subfield>
            <marc:subfield code="c">c2003.</marc:subfield>
          </marc:datafield>
          <marc:datafield ind1=" " ind2=" " tag="300">
            <marc:subfield code="a">259 p. :</marc:subfield>
            <marc:subfield code="b">ill. (some col.) ;</marc:subfield>
            <marc:subfield code="c">23 cm.</marc:subfield>
          </marc:datafield>
          <marc:datafield ind1=" " ind2=" " tag="500">
            <marc:subfield code="a">Exhibition curated by Dan Cameron.</marc:subfield>
          </marc:datafield>
          <marc:datafield ind1=" " ind2=" " tag="546">
            <marc:subfield code="a">Turkish and English.</marc:subfield>
          </marc:datafield>
          <marc:datafield ind1=" " ind2="0" tag="650">
            <marc:subfield code="a">Art, Modern</marc:subfield>
            <marc:subfield code="y">21st century</marc:subfield>
            <marc:subfield code="v">Exhibitions.</marc:subfield>
          </marc:datafield>
          <marc:datafield ind1="1" ind2=" " tag="700">
            <marc:subfield code="a">Cameron, Dan.</marc:subfield>
          </marc:datafield>
          <marc:datafield ind1="2" ind2=" " tag="710">
            <marc:subfield code="a">İstanbul Kültür ve Sanat Vakfı.</marc:subfield>
          </marc:datafield>
          <marc:datafield ind1=" " ind2=" " tag="994">
            <marc:subfield code="a">C0</marc:subfield>
            <marc:subfield code="b">RRR</marc:subfield>
          </marc:datafield>
          <marc:datafield tag="931" ind1=" " ind2=" ">
            <marc:subfield code="a">Text</marc:subfield>
            <marc:subfield code="5">CHANGE_ME</marc:subfield>
          </marc:datafield>
          <marc:datafield tag="932" ind1=" " ind2=" ">
            <marc:subfield code="a">Language material</marc:subfield>
            <marc:subfield code="5">CHANGE_ME</marc:subfield>
          </marc:datafield>
          <marc:datafield tag="933" ind1=" " ind2=" ">
            <marc:subfield code="a">Text</marc:subfield>
            <marc:subfield code="5">CHANGE_ME</marc:subfield>
          </marc:datafield>
          <marc:datafield tag="935" ind1=" " ind2=" ">
            <marc:subfield code="a">Monograph/Item</marc:subfield>
            <marc:subfield code="5">CHANGE_ME</marc:subfield>
          </marc:datafield>
          <marc:datafield tag="937" ind1=" " ind2=" ">
            <marc:subfield code="a">Non-Fiction</marc:subfield>
            <marc:subfield code="5">CHANGE_ME</marc:subfield>
          </marc:datafield>
          <marc:datafield tag="941" ind1=" " ind2=" ">
            <marc:subfield code="a">tur</marc:subfield>
            <marc:subfield code="5">CHANGE_ME</marc:subfield>
          </marc:datafield>
          <marc:datafield tag="943" ind1=" " ind2=" ">
            <marc:subfield code="a">Turkish</marc:subfield>
            <marc:subfield code="5">CHANGE_ME</marc:subfield>
          </marc:datafield>
          <marc:datafield tag="947" ind1=" " ind2=" ">
            <marc:subfield code="a">9757363316</marc:subfield>
            <marc:subfield code="5">CHANGE_ME</marc:subfield>
          </marc:datafield>
          <marc:datafield tag="035" ind1=" " ind2=" ">
            <marc:subfield code="a">(CHANGE_ME)2584784</marc:subfield>
          </marc:datafield>
          <marc:datafield tag="240" ind1="0" ind2="0">
            <marc:subfield code="a">8. Uluslararasi Istanbul Bienali :</marc:subfield>
          </marc:datafield>
          <marc:datafield tag="965" ind1=" " ind2="0">
            <marc:subfield code="a">Art, Modern</marc:subfield>
            <marc:subfield code="5">CHANGE_ME</marc:subfield>
          </marc:datafield>
          <marc:datafield tag="963" ind1=" " ind2="0">
            <marc:subfield code="y">21st century</marc:subfield>
            <marc:subfield code="5">CHANGE_ME</marc:subfield>
          </marc:datafield>
          <marc:datafield tag="969" ind1=" " ind2="0">
            <marc:subfield code="v">Exhibitions.</marc:subfield>
            <marc:subfield code="5">CHANGE_ME</marc:subfield>
          </marc:datafield>
        </marc:record>
      </metadata>
    </record>