
    <record>
      <header>
        <identifier>oai:mst.rochester.edu:marcnormalization/106</identifier>
        <datestamp>2011-03-30T15:04:46Z</datestamp>
        <setSpec>MARCXMLbibliographic</setSpec>
        <setSpec>marcnormalization</setSpec>
      </header>
      <metadata>
        <marc:record xmlns:marc="http://www.loc.gov/MARC21/slim" xmlns:xsi="http://www.w3.org/2001/XMLSchema-instance" xsi:schemaLocation="http://www.loc.gov/MARC21/slim http://localhost:8080/OAIToolkit-0.6.10/schema/MARC21slim_custom.xsd">
          <marc:leader>01506ccm a2200373Ia 4500</marc:leader>
          <marc:controlfield tag="001">1697457</marc:controlfield>
          <marc:controlfield tag="005">20060404141705.0</marc:controlfield>
          <marc:controlfield tag="008">990315s1996    pl sga         n    pol d</marc:controlfield>
          <marc:controlfield tag="003">CHANGE_ME</marc:controlfield>
          <marc:datafield ind1=" " ind2=" " tag="020">
            <marc:subfield code="a">8322432828 :</marc:subfield>
            <marc:subfield code="c">$26.00</marc:subfield>
          </marc:datafield>
          <marc:datafield ind1="2" ind2="2" tag="028">
            <marc:subfield code="a">PWM-9735</marc:subfield>
            <marc:subfield code="b">Polskie Wydawn. Muzycne</marc:subfield>
          </marc:datafield>
          <marc:datafield ind1=" " ind2=" " tag="035">
            <marc:subfield code="a">(OCoLC)38735232</marc:subfield>
          </marc:datafield>
          <marc:datafield ind1=" " ind2=" " tag="035">
            <marc:subfield code="a">1697457</marc:subfield>
          </marc:datafield>
          <marc:datafield ind1=" " ind2=" " tag="040">
            <marc:subfield code="a">SKN</marc:subfield>
            <marc:subfield code="c">SKN</marc:subfield>
            <marc:subfield code="d">CIN</marc:subfield>
            <marc:subfield code="d">GZM</marc:subfield>
          </marc:datafield>
          <marc:datafield ind1=" " ind2=" " tag="048">
            <marc:subfield code="b">vn01</marc:subfield>
            <marc:subfield code="a">oa</marc:subfield>
          </marc:datafield>
          <marc:datafield ind1=" " ind2=" " tag="049">
            <marc:subfield code="a">RESM</marc:subfield>
          </marc:datafield>
          <marc:datafield ind1=" " ind2=" " tag="090">
            <marc:subfield code="a">M1613.3.L974</marc:subfield>
            <marc:subfield code="b">B4 1996</marc:subfield>
          </marc:datafield>
          <marc:datafield ind1="1" ind2=" " tag="100">
            <marc:subfield code="a">Lutosławski, Witold,</marc:subfield>
            <marc:subfield code="d">1913-1994.</marc:subfield>
            <marc:subfield code="4">cmp</marc:subfield>
          </marc:datafield>
          <marc:datafield ind1="1" ind2="0" tag="240">
            <marc:subfield code="a">Spóźniony słowik</marc:subfield>
          </marc:datafield>
          <marc:datafield ind1="1" ind2="0" tag="245">
            <marc:subfield code="a">Spóźniony słowik ;</marc:subfield>
            <marc:subfield code="b">O panu Tralalińskim : na głos i orkiestrę kameralną = The belated nightingale ; About Mr. Tralaliński : for voice and chamber orchestra = Verspätete Nachtigall ; Über Herrn Tralaliński : für Singstimme und Kammerorchester /</marc:subfield>
            <marc:subfield code="c">Witold Lutosławski.</marc:subfield>
          </marc:datafield>
          <marc:datafield ind1="3" ind2="1" tag="246">
            <marc:subfield code="a">Belated nightingale</marc:subfield>
          </marc:datafield>
          <marc:datafield ind1="3" ind2="1" tag="246">
            <marc:subfield code="a">Verspätete Nachtigall</marc:subfield>
          </marc:datafield>
          <marc:datafield ind1=" " ind2=" " tag="254">
            <marc:subfield code="a">Partytura i głosy.</marc:subfield>
          </marc:datafield>
          <marc:datafield ind1=" " ind2=" " tag="260">
            <marc:subfield code="a">Kraków :</marc:subfield>
            <marc:subfield code="b">Polskie Wydawn. Muzyczne,</marc:subfield>
            <marc:subfield code="c">1996.</marc:subfield>
          </marc:datafield>
          <marc:datafield ind1=" " ind2=" " tag="300">
            <marc:subfield code="a">1 score (47 p.) + 27 parts ;</marc:subfield>
            <marc:subfield code="c">20 x 23 cm.</marc:subfield>
          </marc:datafield>
          <marc:datafield ind1=" " ind2=" " tag="546">
            <marc:subfield code="a">Polish words by Julian Tuwim.</marc:subfield>
          </marc:datafield>
          <marc:datafield ind1="1" ind2="0" tag="600">
            <marc:subfield code="a">Tuwim, Julian,</marc:subfield>
            <marc:subfield code="d">1894-1953</marc:subfield>
            <marc:subfield code="v">Musical settings.</marc:subfield>
          </marc:datafield>
          <marc:datafield ind1=" " ind2="0" tag="650">
            <marc:subfield code="a">Children's songs, Polish</marc:subfield>
            <marc:subfield code="v">Scores and parts.</marc:subfield>
          </marc:datafield>
          <marc:datafield ind1=" " ind2="0" tag="650">
            <marc:subfield code="a">Songs with chamber orchestra</marc:subfield>
            <marc:subfield code="v">Scores and parts.</marc:subfield>
          </marc:datafield>
          <marc:datafield ind1="1" ind2=" " tag="700">
            <marc:subfield code="a">Tuwim, Julian,</marc:subfield>
            <marc:subfield code="d">1894-1953.</marc:subfield>
          </marc:datafield>
          <marc:datafield ind1="1" ind2="2" tag="700">
            <marc:subfield code="a">Lutosławski, Witold,</marc:subfield>
            <marc:subfield code="d">1913-1994.</marc:subfield>
            <marc:subfield code="t">O panu Tralalińskim.</marc:subfield>
            <marc:subfield code="8">1\c</marc:subfield>
          </marc:datafield>
          <marc:datafield ind1="0" ind2="2" tag="740">
            <marc:subfield code="a">O panu Tralalińskim.</marc:subfield>
          </marc:datafield>
          <marc:datafield ind1="0" ind2="2" tag="740">
            <marc:subfield code="a">About Mr. Tralaliński.</marc:subfield>
          </marc:datafield>
          <marc:datafield ind1="0" ind2="2" tag="740">
            <marc:subfield code="a">Über Herrn Tralaliński.</marc:subfield>
          </marc:datafield>
          <marc:datafield tag="931" ind1=" " ind2=" ">
            <marc:subfield code="a">Image</marc:subfield>
            <marc:subfield code="5">CHANGE_ME</marc:subfield>
          </marc:datafield>
          <marc:datafield tag="932" ind1=" " ind2=" ">
            <marc:subfield code="a">Notated music</marc:subfield>
            <marc:subfield code="5">CHANGE_ME</marc:subfield>
          </marc:datafield>
          <marc:datafield tag="933" ind1=" " ind2=" ">
            <marc:subfield code="a">Notated music</marc:subfield>
            <marc:subfield code="5">CHANGE_ME</marc:subfield>
          </marc:datafield>
          <marc:datafield tag="935" ind1=" " ind2=" ">
            <marc:subfield code="a">Monograph/Item</marc:subfield>
            <marc:subfield code="5">CHANGE_ME</marc:subfield>
          </marc:datafield>
          <marc:datafield tag="941" ind1=" " ind2=" ">
            <marc:subfield code="a">pol</marc:subfield>
            <marc:subfield code="5">CHANGE_ME</marc:subfield>
          </marc:datafield>
          <marc:datafield tag="943" ind1=" " ind2=" ">
            <marc:subfield code="a">Polish</marc:subfield>
            <marc:subfield code="5">CHANGE_ME</marc:subfield>
          </marc:datafield>
          <marc:datafield tag="947" ind1=" " ind2=" ">
            <marc:subfield code="a">8322432828 </marc:subfield>
            <marc:subfield code="5">CHANGE_ME</marc:subfield>
          </marc:datafield>
          <marc:datafield tag="035" ind1=" " ind2=" ">
            <marc:subfield code="a">(CHANGE_ME)1697457</marc:subfield>
          </marc:datafield>
          <marc:datafield tag="965" ind1="1" ind2="0">
            <marc:subfield code="a">Tuwim, Julian,</marc:subfield>
            <marc:subfield code="d">1894-1953</marc:subfield>
            <marc:subfield code="5">CHANGE_ME</marc:subfield>
          </marc:datafield>
          <marc:datafield tag="965" ind1=" " ind2="0">
            <marc:subfield code="a">Children's songs, Polish</marc:subfield>
            <marc:subfield code="5">CHANGE_ME</marc:subfield>
          </marc:datafield>
          <marc:datafield tag="965" ind1=" " ind2="0">
            <marc:subfield code="a">Songs with chamber orchestra</marc:subfield>
            <marc:subfield code="5">CHANGE_ME</marc:subfield>
          </marc:datafield>
          <marc:datafield tag="969" ind1="1" ind2="0">
            <marc:subfield code="v">Musical settings.</marc:subfield>
            <marc:subfield code="5">CHANGE_ME</marc:subfield>
          </marc:datafield>
          <marc:datafield tag="969" ind1=" " ind2="0">
            <marc:subfield code="v">Scores and parts.</marc:subfield>
            <marc:subfield code="5">CHANGE_ME</marc:subfield>
          </marc:datafield>
          <marc:datafield tag="959" ind1="1" ind2="2">
            <marc:subfield code="a">Lutosławski, Witold,</marc:subfield>
            <marc:subfield code="d">1913-1994.</marc:subfield>
            <marc:subfield code="5">CHANGE_ME</marc:subfield>
            <marc:subfield code="8">1\c</marc:subfield>
          </marc:datafield>
        </marc:record>
      </metadata>
    </record>