
    <record>
      <header>
        <identifier>oai:mst.rochester.edu:marcnormalization/107</identifier>
        <datestamp>2011-03-30T15:04:46Z</datestamp>
        <setSpec>MARCXMLbibliographic</setSpec>
        <setSpec>marcnormalization</setSpec>
      </header>
      <metadata>
        <marc:record xmlns:marc="http://www.loc.gov/MARC21/slim" xmlns:xsi="http://www.w3.org/2001/XMLSchema-instance" xsi:schemaLocation="http://www.loc.gov/MARC21/slim http://localhost:8080/OAIToolkit-0.6.10/schema/MARC21slim_custom.xsd">
          <marc:leader>04137cam a2200301 a 4500</marc:leader>
          <marc:controlfield tag="001">2673804</marc:controlfield>
          <marc:controlfield tag="005">20041020101143.0</marc:controlfield>
          <marc:controlfield tag="008">040809r19981963nyu           000 1 eng  </marc:controlfield>
          <marc:controlfield tag="003">CHANGE_ME</marc:controlfield>
          <marc:datafield ind1=" " ind2=" " tag="010">
            <marc:subfield code="a">  2004557124</marc:subfield>
          </marc:datafield>
          <marc:datafield ind1=" " ind2=" " tag="020">
            <marc:subfield code="a">038533348X (pbk.)</marc:subfield>
          </marc:datafield>
          <marc:datafield ind1=" " ind2=" " tag="035">
            <marc:subfield code="a">(OCoLC)40067116</marc:subfield>
          </marc:datafield>
          <marc:datafield ind1=" " ind2=" " tag="035">
            <marc:subfield code="a">2673804</marc:subfield>
          </marc:datafield>
          <marc:datafield ind1=" " ind2=" " tag="040">
            <marc:subfield code="a">DLC</marc:subfield>
            <marc:subfield code="c">DLC</marc:subfield>
            <marc:subfield code="d">RRR</marc:subfield>
            <marc:subfield code="d">OrPss</marc:subfield>
          </marc:datafield>
          <marc:datafield ind1=" " ind2=" " tag="049">
            <marc:subfield code="a">RRRR</marc:subfield>
          </marc:datafield>
          <marc:datafield ind1="0" ind2="0" tag="050">
            <marc:subfield code="a">PS3572.O5</marc:subfield>
            <marc:subfield code="b">C3 1998</marc:subfield>
          </marc:datafield>
          <marc:datafield ind1="0" ind2="4" tag="082">
            <marc:subfield code="a">813/.54</marc:subfield>
            <marc:subfield code="2">21</marc:subfield>
          </marc:datafield>
          <marc:datafield ind1="1" ind2=" " tag="100">
            <marc:subfield code="a">Vonnegut, Kurt.</marc:subfield>
            <marc:subfield code="4">aut</marc:subfield>
          </marc:datafield>
          <marc:datafield ind1="1" ind2="0" tag="245">
            <marc:subfield code="a">Cat's cradle /</marc:subfield>
            <marc:subfield code="c">Kurt Vonnegut.</marc:subfield>
          </marc:datafield>
          <marc:datafield ind1=" " ind2=" " tag="260">
            <marc:subfield code="a">New York, N.Y. :</marc:subfield>
            <marc:subfield code="b">Delta Trade Paperbacks,</marc:subfield>
            <marc:subfield code="c">1998, c1963.</marc:subfield>
          </marc:datafield>
          <marc:datafield ind1=" " ind2=" " tag="300">
            <marc:subfield code="a">xiii, 287 p. ;</marc:subfield>
            <marc:subfield code="c">21 cm.</marc:subfield>
          </marc:datafield>
          <marc:datafield ind1="0" ind2="0" tag="505">
            <marc:subfield code="t">The Day the World Ended --</marc:subfield>
            <marc:subfield code="t">Nice, Nice, Very Nice --</marc:subfield>
            <marc:subfield code="t">Folly --</marc:subfield>
            <marc:subfield code="t">A Tentative Tangling of Tendrils --</marc:subfield>
            <marc:subfield code="t">Letter from a Pre-Med --</marc:subfield>
            <marc:subfield code="t">Bug Fights --</marc:subfield>
            <marc:subfield code="t">The Illustrious Hoenikkers --</marc:subfield>
            <marc:subfield code="t">Newt's Thing with Zinka --</marc:subfield>
            <marc:subfield code="t">Vice-President in Charge of Volcanoes --</marc:subfield>
            <marc:subfield code="t">Secret Agent X-9 --</marc:subfield>
            <marc:subfield code="t">Protein --</marc:subfield>
            <marc:subfield code="t">End of the World Delight --</marc:subfield>
            <marc:subfield code="t">The Jumping-Off Place --</marc:subfield>
            <marc:subfield code="t">When Automobiles Had Cut-Glass Vases --</marc:subfield>
            <marc:subfield code="t">Merry Christmas --</marc:subfield>
            <marc:subfield code="t">Back to Kindergarten --</marc:subfield>
            <marc:subfield code="t">The Girl Pool --</marc:subfield>
            <marc:subfield code="t">The Most Valuable Commodity on Earth --</marc:subfield>
            <marc:subfield code="t">No More Mud --</marc:subfield>
            <marc:subfield code="t">Ice-Nine --</marc:subfield>
            <marc:subfield code="t">The Marines March on --</marc:subfield>
            <marc:subfield code="t">Member of the Yellow Press --</marc:subfield>
            <marc:subfield code="t">The Last Batch of Brownies --</marc:subfield>
            <marc:subfield code="t">What a Wampeter is --</marc:subfield>
            <marc:subfield code="t">The Main Thing About Dr. Hoenikker --</marc:subfield>
            <marc:subfield code="t">What God is --</marc:subfield>
            <marc:subfield code="t">Men from Mars --</marc:subfield>
            <marc:subfield code="t">Mayonnaise --</marc:subfield>
            <marc:subfield code="t">Gone, But Not Forgotten --</marc:subfield>
            <marc:subfield code="t">Only Sleeping --</marc:subfield>
            <marc:subfield code="t">Another Breed --</marc:subfield>
            <marc:subfield code="t">Dynamite Money --</marc:subfield>
            <marc:subfield code="t">An Ungrateful Man --</marc:subfield>
            <marc:subfield code="t">Vin-Dit --</marc:subfield>
            <marc:subfield code="t">Hobby Shop --</marc:subfield>
            <marc:subfield code="t">Meow --</marc:subfield>
            <marc:subfield code="t">A Modern Major General --</marc:subfield>
            <marc:subfield code="t">Barracuda Capital of the World --</marc:subfield>
            <marc:subfield code="t">Fata Morgana --</marc:subfield>
            <marc:subfield code="t">House of Hope and Mercy --</marc:subfield>
            <marc:subfield code="t">A Karass Built for Two --</marc:subfield>
            <marc:subfield code="t">Bicycles for Afghanistan --</marc:subfield>
            <marc:subfield code="t">The Demonstrator --</marc:subfield>
            <marc:subfield code="t">Communist Sympathizers --</marc:subfield>
            <marc:subfield code="t">Why Americans are Hated --</marc:subfield>
            <marc:subfield code="t">The Bokononist Method for Handling Caesar --</marc:subfield>
            <marc:subfield code="t">Dynamic Tension --</marc:subfield>
            <marc:subfield code="t">Just Like Saint Augustine --</marc:subfield>
            <marc:subfield code="t">A Fish Pitched Up by an Angry Sea --</marc:subfield>
            <marc:subfield code="t">A Nice Midget --</marc:subfield>
            <marc:subfield code="t">O.K., Mom --</marc:subfield>
            <marc:subfield code="t">No Pain --</marc:subfield>
            <marc:subfield code="t">The President of Fabri-Tek --</marc:subfield>
            <marc:subfield code="t">Communists, Nazis, Royalists, Parachutists, and Draft Dodgers --</marc:subfield>
            <marc:subfield code="t">Never Index Your Own Book --</marc:subfield>
            <marc:subfield code="t">A Self-Supporting Squirrel Cage --</marc:subfield>
            <marc:subfield code="t">The Queasy Dream --</marc:subfield>
            <marc:subfield code="t">Tyranny With A Difference --</marc:subfield>
            <marc:subfield code="t">Fasten Your Seat Belts --</marc:subfield>
            <marc:subfield code="t">An Underprivileged Nation --</marc:subfield>
            <marc:subfield code="t">What A Corporal Was Worth --</marc:subfield>
            <marc:subfield code="t">Why Hazel Wasn't Scared --</marc:subfield>
            <marc:subfield code="t">Reverent And Free --</marc:subfield>
            <marc:subfield code="t">Peace And Plenty --</marc:subfield>
            <marc:subfield code="t">A Good Time To Come To San Lorenzo --</marc:subfield>
            <marc:subfield code="t">The Strongest Thing There Is --</marc:subfield>
            <marc:subfield code="t">Hy-U-O-Ook-Kuh! --</marc:subfield>
            <marc:subfield code="t">Hoon-Yera Mora-Toorz --</marc:subfield>
            <marc:subfield code="t">A Big Mosaic --</marc:subfield>
            <marc:subfield code="t">Tutored By Bokonon --</marc:subfield>
            <marc:subfield code="t">The Happiness Of Being An American --</marc:subfield>
            <marc:subfield code="t">The Pissant Hilton --</marc:subfield>
            <marc:subfield code="t">Black Death --</marc:subfield>
            <marc:subfield code="t">Cat's Cradle --</marc:subfield>
            <marc:subfield code="t">Give My Regards To Albert Scweitzer --</marc:subfield>
            <marc:subfield code="t">Julian Castle Agrees With Newt That Everything Is Meaningless --</marc:subfield>
            <marc:subfield code="t">Aspirin And Boko-Maru --</marc:subfield>
            <marc:subfield code="t">Ring Of Steel --</marc:subfield>
            <marc:subfield code="t">Why McCabe's Soul Grew Coarse --</marc:subfield>
            <marc:subfield code="t">The Waterfall Strainers --</marc:subfield>
            <marc:subfield code="t">A White Bride For The Son Of A Pullman Porter --</marc:subfield>
            <marc:subfield code="t">Zah-Mah-Ki-Bo --</marc:subfield>
            <marc:subfield code="t">Dr. Schlichter Von Koenigswald Approaches The Break-Even Point --</marc:subfield>
            <marc:subfield code="t">Blackout --</marc:subfield>
            <marc:subfield code="t">A Pack Of Foma --</marc:subfield>
            <marc:subfield code="t">Two Little Jugs --</marc:subfield>
            <marc:subfield code="t">The Cut Of My Jib --</marc:subfield>
            <marc:subfield code="t">Why Frank Couldn't Be President --</marc:subfield>
            <marc:subfield code="t">Duffle --</marc:subfield>
            <marc:subfield code="t">Only One Catch --</marc:subfield>
            <marc:subfield code="t">Mona --</marc:subfield>
            <marc:subfield code="t">On The Poet's Celebration Of His First Boko-Maru --</marc:subfield>
            <marc:subfield code="t">How I Almost Lost My Mona --</marc:subfield>
            <marc:subfield code="t">The Highest Mountain --</marc:subfield>
            <marc:subfield code="t">I See The Hook --</marc:subfield>
            <marc:subfield code="t">Bell, Book, And Chicken In A Hatbox --</marc:subfield>
            <marc:subfield code="t">The Stinking Christian --</marc:subfield>
            <marc:subfield code="t">Last Rites --</marc:subfield>
            <marc:subfield code="t">Dyot Meet Mat --</marc:subfield>
            <marc:subfield code="t">Down The Oubliette Goes Frank --</marc:subfield>
            <marc:subfield code="t">Like My Predecessors, I Outlaw Bokonon --</marc:subfield>
            <marc:subfield code="t">Enemies Of Freedom --</marc:subfield>
            <marc:subfield code="t">A Medical Opinion On The Effects Of A Writers' Strike --</marc:subfield>
            <marc:subfield code="t">Sulfathiazole --</marc:subfield>
            <marc:subfield code="t">Pain-Killer --</marc:subfield>
            <marc:subfield code="t">What Bokononists Say When They Commit Suicide --</marc:subfield>
            <marc:subfield code="t">Feast Your Eyes! --</marc:subfield>
            <marc:subfield code="t">Frank Tells Us What To Do --</marc:subfield>
            <marc:subfield code="t">Frank Defends Himself --</marc:subfield>
            <marc:subfield code="t">The Fourteenth Book --</marc:subfield>
            <marc:subfield code="t">Time Out --</marc:subfield>
            <marc:subfield code="t">Newt's Mother's Reticule --</marc:subfield>
            <marc:subfield code="t">History --</marc:subfield>
            <marc:subfield code="t">When I Felt The Bullet Enter My Heart --</marc:subfield>
            <marc:subfield code="t">As It Happened --</marc:subfield>
            <marc:subfield code="t">The Grand Ah-Whoom --</marc:subfield>
            <marc:subfield code="t">Sanctuary --</marc:subfield>
            <marc:subfield code="t">The Iron Maiden And The Oubliette --</marc:subfield>
            <marc:subfield code="t">Mona Thanks Me --</marc:subfield>
            <marc:subfield code="t">To Whom It May Concern --</marc:subfield>
            <marc:subfield code="t">I Am Slow To Answer --</marc:subfield>
            <marc:subfield code="t">The Swiss Family Robinson --</marc:subfield>
            <marc:subfield code="t">Of Mice And Men --</marc:subfield>
            <marc:subfield code="t">Frank's Ant Farm --</marc:subfield>
            <marc:subfield code="t">The Tasmanians --</marc:subfield>
            <marc:subfield code="t">Soft Pipes, Play On --</marc:subfield>
            <marc:subfield code="t">The End.</marc:subfield>
          </marc:datafield>
          <marc:datafield ind1=" " ind2="0" tag="650">
            <marc:subfield code="a">End of the world</marc:subfield>
            <marc:subfield code="v">Fiction.</marc:subfield>
          </marc:datafield>
          <marc:datafield ind1=" " ind2="7" tag="655">
            <marc:subfield code="a">Humorous fiction.</marc:subfield>
            <marc:subfield code="2">gsafd</marc:subfield>
          </marc:datafield>
          <marc:datafield ind1=" " ind2="7" tag="655">
            <marc:subfield code="a">Science fiction.</marc:subfield>
            <marc:subfield code="2">gsafd</marc:subfield>
          </marc:datafield>
          <marc:datafield ind1=" " ind2="7" tag="655">
            <marc:subfield code="a">Satire.</marc:subfield>
            <marc:subfield code="2">lcsh</marc:subfield>
          </marc:datafield>
          <marc:datafield ind1=" " ind2=" " tag="905">
            <marc:subfield code="a">TP20041008</marc:subfield>
          </marc:datafield>
          <marc:datafield ind1=" " ind2=" " tag="994">
            <marc:subfield code="a">C0</marc:subfield>
            <marc:subfield code="b">RRR</marc:subfield>
          </marc:datafield>
          <marc:datafield tag="931" ind1=" " ind2=" ">
            <marc:subfield code="a">Text</marc:subfield>
            <marc:subfield code="5">CHANGE_ME</marc:subfield>
          </marc:datafield>
          <marc:datafield tag="932" ind1=" " ind2=" ">
            <marc:subfield code="a">Language material</marc:subfield>
            <marc:subfield code="5">CHANGE_ME</marc:subfield>
          </marc:datafield>
          <marc:datafield tag="933" ind1=" " ind2=" ">
            <marc:subfield code="a">Text</marc:subfield>
            <marc:subfield code="5">CHANGE_ME</marc:subfield>
          </marc:datafield>
          <marc:datafield tag="935" ind1=" " ind2=" ">
            <marc:subfield code="a">Monograph/Item</marc:subfield>
            <marc:subfield code="5">CHANGE_ME</marc:subfield>
          </marc:datafield>
          <marc:datafield tag="937" ind1=" " ind2=" ">
            <marc:subfield code="a">Fiction</marc:subfield>
            <marc:subfield code="5">CHANGE_ME</marc:subfield>
          </marc:datafield>
          <marc:datafield tag="941" ind1=" " ind2=" ">
            <marc:subfield code="a">eng</marc:subfield>
            <marc:subfield code="5">CHANGE_ME</marc:subfield>
          </marc:datafield>
          <marc:datafield tag="943" ind1=" " ind2=" ">
            <marc:subfield code="a">English</marc:subfield>
            <marc:subfield code="5">CHANGE_ME</marc:subfield>
          </marc:datafield>
          <marc:datafield tag="947" ind1=" " ind2=" ">
            <marc:subfield code="a">038533348X </marc:subfield>
            <marc:subfield code="5">CHANGE_ME</marc:subfield>
          </marc:datafield>
          <marc:datafield tag="035" ind1=" " ind2=" ">
            <marc:subfield code="a">(CHANGE_ME)2673804</marc:subfield>
          </marc:datafield>
          <marc:datafield tag="240" ind1="0" ind2="0">
            <marc:subfield code="a">Cat's cradle /</marc:subfield>
          </marc:datafield>
          <marc:datafield tag="965" ind1=" " ind2="0">
            <marc:subfield code="a">End of the world</marc:subfield>
            <marc:subfield code="5">CHANGE_ME</marc:subfield>
          </marc:datafield>
          <marc:datafield tag="969" ind1=" " ind2="0">
            <marc:subfield code="v">Fiction.</marc:subfield>
            <marc:subfield code="5">CHANGE_ME</marc:subfield>
          </marc:datafield>
        </marc:record>
      </metadata>
    </record>