
    <record>
      <header>
        <identifier>oai:mst.rochester.edu:marcnormalization/115</identifier>
        <datestamp>2011-03-30T15:04:46Z</datestamp>
        <setSpec>MARCXMLbibliographic</setSpec>
        <setSpec>marcnormalization</setSpec>
      </header>
      <metadata>
        <marc:record xmlns:marc="http://www.loc.gov/MARC21/slim" xmlns:xsi="http://www.w3.org/2001/XMLSchema-instance" xsi:schemaLocation="http://www.loc.gov/MARC21/slim http://localhost:8080/OAIToolkit-0.6.10/schema/MARC21slim_custom.xsd">
          <marc:leader>01298nam a2200289Ia 4500</marc:leader>
          <marc:controlfield tag="001">1400868</marc:controlfield>
          <marc:controlfield tag="003">OCoLC</marc:controlfield>
          <marc:controlfield tag="007">hduafv---baca</marc:controlfield>
          <marc:controlfield tag="008">890530s1844    enk     a     000 0 eng d</marc:controlfield>
          <marc:datafield ind1=" " ind2=" " tag="035">
            <marc:subfield code="9">ocm19784584</marc:subfield>
          </marc:datafield>
          <marc:datafield ind1=" " ind2=" " tag="040">
            <marc:subfield code="a">NYG</marc:subfield>
            <marc:subfield code="c">GKR</marc:subfield>
          </marc:datafield>
          <marc:datafield ind1=" " ind2=" " tag="043">
            <marc:subfield code="a">e-uk---</marc:subfield>
          </marc:datafield>
          <marc:datafield ind1=" " ind2=" " tag="049">
            <marc:subfield code="a">RRRR</marc:subfield>
          </marc:datafield>
          <marc:datafield ind1=" " ind2=" " tag="090">
            <marc:subfield code="a">HB161</marc:subfield>
            <marc:subfield code="b">.G64 no. 33688.14</marc:subfield>
          </marc:datafield>
          <marc:datafield ind1=" " ind2=" " tag="092">
            <marc:subfield code="a">330</marc:subfield>
            <marc:subfield code="b">G62</marc:subfield>
          </marc:datafield>
          <marc:datafield ind1=" " ind2=" " tag="099">
            <marc:subfield code="a">FILM</marc:subfield>
            <marc:subfield code="a">.G6185</marc:subfield>
            <marc:subfield code="a">no. 33688.14.</marc:subfield>
          </marc:datafield>
          <marc:datafield ind1="0" ind2=" " tag="100">
            <marc:subfield code="a">Small East Norfolk landowner and occupier.</marc:subfield>
            <marc:subfield code="4">aut</marc:subfield>
          </marc:datafield>
          <marc:datafield ind1="1" ind2="3" tag="245">
            <marc:subfield code="a">An £ s.d. view of the working of the corn-laws</marc:subfield>
            <marc:subfield code="h">microform :</marc:subfield>
            <marc:subfield code="b">showing that they are injurious to the landed interest and more particularly so to the tenant-farmer and his labourers, the tradesmen and shopkeepers /</marc:subfield>
            <marc:subfield code="c">by a small East Norfolk landowner and occupier.</marc:subfield>
          </marc:datafield>
          <marc:datafield ind1=" " ind2=" " tag="260">
            <marc:subfield code="a">London :</marc:subfield>
            <marc:subfield code="b">R. &amp; J.E. Taylor ;</marc:subfield>
            <marc:subfield code="a">Norwich :</marc:subfield>
            <marc:subfield code="b">C. Muskett,</marc:subfield>
            <marc:subfield code="c">1844</marc:subfield>
            <marc:subfield code="e">([London] :</marc:subfield>
            <marc:subfield code="f">Vacher)</marc:subfield>
          </marc:datafield>
          <marc:datafield ind1=" " ind2=" " tag="300">
            <marc:subfield code="a">16 p. ;</marc:subfield>
            <marc:subfield code="c">21 cm.</marc:subfield>
          </marc:datafield>
          <marc:datafield ind1=" " ind2=" " tag="533">
            <marc:subfield code="a">Microfilm.</marc:subfield>
            <marc:subfield code="b">Woodbridge, Conn. :</marc:subfield>
            <marc:subfield code="c">Research Publications,</marc:subfield>
            <marc:subfield code="d">[1980].</marc:subfield>
            <marc:subfield code="e">1 microfilm reel ; 35 mm.</marc:subfield>
            <marc:subfield code="f">(Goldsmiths'-Kress library of economic literature ; no. 33688.14)</marc:subfield>
          </marc:datafield>
          <marc:datafield ind1=" " ind2=" " tag="539">
            <marc:subfield code="a">s</marc:subfield>
            <marc:subfield code="b">1980</marc:subfield>
            <marc:subfield code="d">ctu</marc:subfield>
            <marc:subfield code="e">n</marc:subfield>
          </marc:datafield>
          <marc:datafield ind1=" " ind2="0" tag="650">
            <marc:subfield code="a">Corn laws (Great Britain)</marc:subfield>
          </marc:datafield>
          <marc:datafield ind1=" " ind2="0" tag="650">
            <marc:subfield code="a">Tariff</marc:subfield>
            <marc:subfield code="z">Great Britain.</marc:subfield>
          </marc:datafield>
          <marc:datafield ind1="0" ind2="1" tag="740">
            <marc:subfield code="a">Pound, shilling, pence view of the working of the corn-laws.</marc:subfield>
          </marc:datafield>
          <marc:datafield ind1=" " ind2="0" tag="830">
            <marc:subfield code="a">Goldsmiths'-Kress library of economic literature ;</marc:subfield>
            <marc:subfield code="v">no. 33688.14.</marc:subfield>
          </marc:datafield>
          <marc:datafield ind1=" " ind2=" " tag="910">
            <marc:subfield code="a">19961011220344.0</marc:subfield>
          </marc:datafield>
          <marc:datafield tag="931" ind1=" " ind2=" ">
            <marc:subfield code="a">Text</marc:subfield>
            <marc:subfield code="5">CHANGE_ME</marc:subfield>
          </marc:datafield>
          <marc:datafield tag="932" ind1=" " ind2=" ">
            <marc:subfield code="a">Language material</marc:subfield>
            <marc:subfield code="5">CHANGE_ME</marc:subfield>
          </marc:datafield>
          <marc:datafield tag="933" ind1=" " ind2=" ">
            <marc:subfield code="a">Text</marc:subfield>
            <marc:subfield code="5">CHANGE_ME</marc:subfield>
          </marc:datafield>
          <marc:datafield tag="935" ind1=" " ind2=" ">
            <marc:subfield code="a">Monograph/Item</marc:subfield>
            <marc:subfield code="5">CHANGE_ME</marc:subfield>
          </marc:datafield>
          <marc:datafield tag="933" ind1=" " ind2=" ">
            <marc:subfield code="a">Microform</marc:subfield>
            <marc:subfield code="5">CHANGE_ME</marc:subfield>
          </marc:datafield>
          <marc:datafield tag="934" ind1=" " ind2=" ">
            <marc:subfield code="a">Microfilm reel</marc:subfield>
            <marc:subfield code="5">CHANGE_ME</marc:subfield>
          </marc:datafield>
          <marc:datafield tag="937" ind1=" " ind2=" ">
            <marc:subfield code="a">Non-Fiction</marc:subfield>
            <marc:subfield code="5">CHANGE_ME</marc:subfield>
          </marc:datafield>
          <marc:datafield tag="941" ind1=" " ind2=" ">
            <marc:subfield code="a">eng</marc:subfield>
            <marc:subfield code="5">CHANGE_ME</marc:subfield>
          </marc:datafield>
          <marc:datafield tag="943" ind1=" " ind2=" ">
            <marc:subfield code="a">English</marc:subfield>
            <marc:subfield code="5">CHANGE_ME</marc:subfield>
          </marc:datafield>
          <marc:datafield tag="240" ind1="0" ind2="0">
            <marc:subfield code="a">£ s.d. view of the working of the corn-laws</marc:subfield>
          </marc:datafield>
          <marc:datafield tag="965" ind1=" " ind2="0">
            <marc:subfield code="a">Tariff</marc:subfield>
            <marc:subfield code="5">CHANGE_ME</marc:subfield>
          </marc:datafield>
          <marc:datafield tag="967" ind1=" " ind2="0">
            <marc:subfield code="z">Great Britain.</marc:subfield>
            <marc:subfield code="5">CHANGE_ME</marc:subfield>
          </marc:datafield>
          <marc:datafield tag="246" ind1="3" ind2="0">
            <marc:subfield code="a">£ s.d. view of the working of the corn-laws</marc:subfield>
          </marc:datafield>
        </marc:record>
      </metadata>
    </record>