
    <record>
      <header>
        <identifier>oai:mst.rochester.edu:marcnormalization/117</identifier>
        <datestamp>2011-03-30T15:04:46Z</datestamp>
        <setSpec>MARCXMLbibliographic</setSpec>
        <setSpec>marcnormalization</setSpec>
      </header>
      <metadata>
        <marc:record xmlns:marc="http://www.loc.gov/MARC21/slim" xmlns:xsi="http://www.w3.org/2001/XMLSchema-instance" xsi:schemaLocation="http://www.loc.gov/MARC21/slim http://localhost:8080/OAIToolkit-0.6.10/schema/MARC21slim_custom.xsd">
          <marc:leader>01089cas a2200325   4500</marc:leader>
          <marc:controlfield tag="001">3398811</marc:controlfield>
          <marc:controlfield tag="005">20100408162656.0</marc:controlfield>
          <marc:controlfield tag="006">m        d        </marc:controlfield>
          <marc:controlfield tag="003">CHANGE_ME</marc:controlfield>
          <marc:controlfield tag="007">cr  n         </marc:controlfield>
          <marc:controlfield tag="008">790612d19uu2001cauqr p s     0   a0eng d</marc:controlfield>
          <marc:datafield ind1=" " ind2=" " tag="010">
            <marc:subfield code="a">sn 79000526 </marc:subfield>
          </marc:datafield>
          <marc:datafield ind1="0" ind2=" " tag="022">
            <marc:subfield code="a">0194-8490</marc:subfield>
            <marc:subfield code="l">0194-8490</marc:subfield>
            <marc:subfield code="2">1</marc:subfield>
          </marc:datafield>
          <marc:datafield ind1=" " ind2=" " tag="032">
            <marc:subfield code="a">480430</marc:subfield>
            <marc:subfield code="b">USPS</marc:subfield>
          </marc:datafield>
          <marc:datafield ind1=" " ind2=" " tag="035">
            <marc:subfield code="a">(WaSeSS)ssj13188</marc:subfield>
          </marc:datafield>
          <marc:datafield ind1=" " ind2=" " tag="037">
            <marc:subfield code="b">E.F. Baumer &amp; Co., 401 Shatto Place, Los Angeles, CA 90020</marc:subfield>
          </marc:datafield>
          <marc:datafield ind1=" " ind2=" " tag="040">
            <marc:subfield code="a">NSDP</marc:subfield>
            <marc:subfield code="c">NSDP</marc:subfield>
            <marc:subfield code="d">OCoLC</marc:subfield>
            <marc:subfield code="d">EbpS</marc:subfield>
            <marc:subfield code="d">OCoLC</marc:subfield>
            <marc:subfield code="d">WaSeSS</marc:subfield>
          </marc:datafield>
          <marc:datafield ind1=" " ind2=" " tag="042">
            <marc:subfield code="a">nsdp</marc:subfield>
          </marc:datafield>
          <marc:datafield ind1="0" ind2=" " tag="130">
            <marc:subfield code="a">Dollar$ense (Online)</marc:subfield>
          </marc:datafield>
          <marc:datafield ind1="0" ind2=" " tag="210">
            <marc:subfield code="a">Dollar$ense</marc:subfield>
            <marc:subfield code="b">(Los Angeles)</marc:subfield>
          </marc:datafield>
          <marc:datafield ind1=" " ind2="0" tag="222">
            <marc:subfield code="a">Dollar$ense</marc:subfield>
            <marc:subfield code="b">(Los Angeles)</marc:subfield>
          </marc:datafield>
          <marc:datafield ind1="1" ind2="0" tag="245">
            <marc:subfield code="a">Dollar$ense</marc:subfield>
            <marc:subfield code="h">[electronic resource].</marc:subfield>
          </marc:datafield>
          <marc:datafield ind1="3" ind2=" " tag="246">
            <marc:subfield code="a">Dollar sense (Los Angeles)</marc:subfield>
          </marc:datafield>
          <marc:datafield ind1="3" ind2="0" tag="246">
            <marc:subfield code="a">Dollarsense</marc:subfield>
          </marc:datafield>
          <marc:datafield ind1="3" ind2="0" tag="246">
            <marc:subfield code="a">Dollar sense</marc:subfield>
          </marc:datafield>
          <marc:datafield ind1=" " ind2=" " tag="260">
            <marc:subfield code="a">[Los Angeles,</marc:subfield>
            <marc:subfield code="b">G.F. Baumer &amp; Co., etc.]</marc:subfield>
          </marc:datafield>
          <marc:datafield ind1="1" ind2=" " tag="362">
            <marc:subfield code="a">Ceased with spring 2001.</marc:subfield>
          </marc:datafield>
          <marc:datafield ind1=" " ind2="0" tag="650">
            <marc:subfield code="a">Finance, Personal</marc:subfield>
            <marc:subfield code="v">Periodicals.</marc:subfield>
          </marc:datafield>
          <marc:datafield ind1="2" ind2=" " tag="710">
            <marc:subfield code="a">EBSCO Publishing (Firm)</marc:subfield>
          </marc:datafield>
          <marc:datafield ind1="4" ind2="0" tag="856">
            <marc:subfield code="z">Full text</marc:subfield>
            <marc:subfield code="u">http://TQ7XH3EE6L.search.serialssolutions.com/?V=1.0&amp;L=TQ7XH3EE6L&amp;S=JCs&amp;C=DOLLLOSANG&amp;T=marc</marc:subfield>
          </marc:datafield>
          <marc:datafield ind1=" " ind2=" " tag="999">
            <marc:subfield code="a">Journal RCL Internet SS</marc:subfield>
          </marc:datafield>
          <marc:datafield tag="931" ind1=" " ind2=" ">
            <marc:subfield code="a">Text</marc:subfield>
            <marc:subfield code="5">CHANGE_ME</marc:subfield>
          </marc:datafield>
          <marc:datafield tag="932" ind1=" " ind2=" ">
            <marc:subfield code="a">Language material</marc:subfield>
            <marc:subfield code="5">CHANGE_ME</marc:subfield>
          </marc:datafield>
          <marc:datafield tag="932" ind1=" " ind2=" ">
            <marc:subfield code="a">Computer file</marc:subfield>
            <marc:subfield code="5">CHANGE_ME</marc:subfield>
          </marc:datafield>
          <marc:datafield tag="933" ind1=" " ind2=" ">
            <marc:subfield code="a">Text</marc:subfield>
            <marc:subfield code="5">CHANGE_ME</marc:subfield>
          </marc:datafield>
          <marc:datafield tag="935" ind1=" " ind2=" ">
            <marc:subfield code="a">Serial</marc:subfield>
            <marc:subfield code="5">CHANGE_ME</marc:subfield>
          </marc:datafield>
          <marc:datafield tag="933" ind1=" " ind2=" ">
            <marc:subfield code="a">Electronic resource</marc:subfield>
            <marc:subfield code="5">CHANGE_ME</marc:subfield>
          </marc:datafield>
          <marc:datafield tag="934" ind1=" " ind2=" ">
            <marc:subfield code="a">Remote</marc:subfield>
            <marc:subfield code="5">CHANGE_ME</marc:subfield>
          </marc:datafield>
          <marc:datafield tag="937" ind1=" " ind2=" ">
            <marc:subfield code="a">Non-Fiction</marc:subfield>
            <marc:subfield code="5">CHANGE_ME</marc:subfield>
          </marc:datafield>
          <marc:datafield tag="939" ind1=" " ind2=" ">
            <marc:subfield code="a">19uu-2001</marc:subfield>
            <marc:subfield code="5">CHANGE_ME</marc:subfield>
          </marc:datafield>
          <marc:datafield tag="941" ind1=" " ind2=" ">
            <marc:subfield code="a">eng</marc:subfield>
            <marc:subfield code="5">CHANGE_ME</marc:subfield>
          </marc:datafield>
          <marc:datafield tag="943" ind1=" " ind2=" ">
            <marc:subfield code="a">English</marc:subfield>
            <marc:subfield code="5">CHANGE_ME</marc:subfield>
          </marc:datafield>
          <marc:datafield tag="035" ind1=" " ind2=" ">
            <marc:subfield code="a">(CHANGE_ME)3398811</marc:subfield>
          </marc:datafield>
          <marc:datafield tag="965" ind1=" " ind2="0">
            <marc:subfield code="a">Finance, Personal</marc:subfield>
            <marc:subfield code="5">CHANGE_ME</marc:subfield>
          </marc:datafield>
          <marc:datafield tag="969" ind1=" " ind2="0">
            <marc:subfield code="v">Periodicals.</marc:subfield>
            <marc:subfield code="5">CHANGE_ME</marc:subfield>
          </marc:datafield>
        </marc:record>
      </metadata>
    </record>